2646 5124
440 120 579 187 corint.
601 122 628 188 V
652 119 914 186 calcat-21.
1240 132 1302 195 359

120 294 260 359 seruabat
276 294 456 377 paulumque
477 315 518 356 ex
540 294 590 356 uia
606 294 773 357 excedebat
787 294 921 377 locisque
935 298 1084 379 impeditis
1101 319 1136 361 ao
1152 300 1245 365 silue·

117 398 230 463 stribus
245 416 317 460 sese
333 395 501 459 occultabat
514 407 604 478 atque
618 396 656 459 iis
671 398 865 481 regionibus,
882 399 987 481 quibus
1002 421 1057 463 nos
1073 401 1133 463 iter
1149 403 1243 465 lactu-

116 521 168 565 ros
180 508 381 585 cognouerat,
399 518 508 582 pecora
523 509 613 581 atque
630 499 764 563 homines
781 521 822 563 ex
837 500 918 584 agris
933 500 965 563 in
979 501 1072 565 siluas
1083 505 1243 587 compelle-

114 602 165 667 bst
179 614 223 681 et,
244 622 314 665 euru
327 600 480 683 equitatus
503 612 607 665 noster
622 601 747 665 liberius
763 603 922 686 praedandi
938 604 1136 687 uastandique
1150 606 1279 671 causa2

93 714 104 765 t
117 724 151 771 se
163 706 196 769 iu
211 724 308 788 agros
322 704 471 781 eiecerat,
494 704 633 767 omuibus
655 704 714 767 uiis
729 705 904 787 semitisque
920 705 1088 769 essedarios
1103 728 1145 771 cx
1158 708 1243 772 siluis

115 808 273 873 emittebat
287 817 319 870 et
333 826 443 889 magno
465 827 531 870 cum
553 807 685 889 periculo
701 817 873 869 nostrorum
890 807 1020 890 equitum
1038 830 1104 871 cum
1120 809 1157 873 iis
1173 832 1245 873 eou-

118 909 240 995 [ligabat
254 920 347 991 atque
363 909 420 972 boc
435 919 515 973 metu
530 909 620 973 latius
635 911 741 994 uagari
768 909 953 992 prolribcbat.
992 909 1243 994 Relinquebatur,
1258 912 1279 977 3

117 1022 148 1075 ut
159 1030 262 1095 neque
277 1010 399 1093 lougius
415 1010 453 1074 ab
467 1014 586 1093 agmine
601 1013 752 1097 legionum
768 1012 880 1075 discedi
897 1008 1013 1076 Caesar
1028 1024 1197 1097 pateretur,
1214 1026 1246 1079 et

117 1124 230 1179 hatum
253 1113 286 1177 iu
309 1114 393 1198 agris
418 1116 569 1179 uastandis
584 1117 791 1196 incendiisque
807 1115 953 1178 iaciendis
970 1116 1105 1179 bostibus
1122 1136 1246 1181 nocere·

77 1224 101 1281 ts
120 1226 178 1295 tur,
194 1226 344 1299 quautam
364 1214 469 1281 labore
489 1229 578 1301 atquc
600 1219 710 1282 itinere
725 1218 885 1300 legionarii
900 1218 1010 1281 milites
1026 1219 1146 1283 efficere
1160 1229 1244 1302 pote·

119 1328 200 1385 rant.
229 1313 356 1381 Interim
371 1314 588 1398 Trinobantes,
614 1342 706 1405 prope
722 1319 892 1383 lirmissima
908 1341 1012 1384 earum
1026 1322 1183 1403 regionum
1199 1320 1241 1384 ci·
1254 1320 1300 1391 20

118 1420 216 1499 nius,
232 1438 350 1504 exque
363 1416 599 1487 Mandubracius
613 1423 791 1487 adulescens
807 1420 950 1486 Caesaris
965 1423 1050 1485 iidem
1066 1434 1190 1487 secutus
1206 1424 1244 1488 ad

119 1542 184 1589 eum
198 1522 232 1587 in
247 1524 452 1589 confinentem
467 1522 595 1589 Galliam
619 1537 766 1603 uenerat,
790 1525 874 1589 cuius
897 1536 983 1607 pater
1007 1525 1038 1589 in
1061 1547 1096 1589 ea
1118 1526 1242 1592 ciuitate

118 1644 246 1711 mnam
260 1626 434 1691 obtinuerat
447 1628 683 1711 interfectusque
698 1639 765 1692 crat
779 1649 797 1691 a
813 1623 1060 1703 Cassiuellauno,
1083 1628 1149 1711 ipse
1171 1632 1242 1711 luga

76 1734 99 1788 lt
118 1738 251 1791 mortem
265 1728 427 1807 uitauerat,
443 1730 559 1815 legatos
575 1732 611 1793 nd
628 1728 792 1795 Caesarem
806 1729 929 1791 mittunt
944 1730 1179 1812 pollicenturque
1193 1731 1280 1794 ste-2

120 1848 156 1895 se
172 1828 203 1892 ei
218 1828 368 1897 dediturus
381 1844 470 1915 atque
486 1834 631 1917 imperata
647 1836 799 1910 lactur0s3
817 1841 933 1914 petunt,
950 1841 983 1892 ut
994 1828 1244 1895 Mandubracium
1259 1827 1280 1893 3

122 1930 160 1997 ab
176 1929 292 1995 iniuria
306 1926 525 2000 Cassiuellauni
546 1936 687 2001 defendat
707 1945 796 2017 atque
817 1935 849 1997 in
873 1933 1025 1997 ciuitatem
1049 1933 1166 2009 mittat,
1192 1934 1245 2015 qui

119 2033 239 2117 praesit
253 2034 467 2120 imperiumque
483 2039 627 2123 optineat.
675 2036 731 2099 llis
748 2034 863 2100 Cacsar
888 2036 1016 2117 imperat
1035 2034 1155 2098 obsides
1171 2032 1280 2117 qua-4

120 2136 260 2221 draginta
275 2138 513 2223 frumentumque
528 2140 678 2205 exercitui
694 2138 999 2220 Mandubraciumque
1017 2138 1053 2201 ad
1071 2156 1124 2199 cos
1139 2136 1242 2200 mittit.

76 2244 102 2300 tt
119 2234 166 2305 ttti
178 2238 329 2325 imperata
343 2242 486 2307 celeriter
500 2246 646 2321 iecerunt,
664 2243 783 2306 obsides
793 2243 828 2303 ad
838 2262 993 2304 numerum
1006 2242 1244 2323 irunrcntunrque

120 2340 280 2407 miserunt.
316 2340 553 2435 Trinobantibus
575 2347 708 2411 delensis
730 2345 828 2430 adque
848 2343 883 2404 ab
901 2343 981 2405 omrri
996 2342 1122 2407 militum
1138 2340 1246 2405 iniuria
1259 2338 1300 2411 81

120 2444 280 2529 probibitio
295 2442 398 2525 leeni,
420 2442 535 2531 Congi,
553 2446 738 2531 Segontiaci,
755 2446 926 2521 Ancalites,
944 2442 1077 2523 Bibroci,
1095 2440 1186 2509 Cassi
1200 2443 1244 2507 le·

120 2546 295 2632 petionibus
310 2548 411 2613 missis
419 2571 487 2615 sese
496 2546 620 2615 Caesari
637 2551 760 2615 dedunt.
783 2548 831 2612 Ab
846 2548 892 2611 liis
908 2549 1062 2631 cognoscit
1078 2570 1139 2613 non
1155 2550 1243 2634 longo
1259 2546 1281 2611 2

121 2668 160 2715 ex
173 2670 213 2715 eo
228 2650 298 2715 loeo
313 2652 450 2735 oppidum
466 2649 687 2717 Cassiuellauni
700 2652 808 2716 abesse
823 2651 909 2715 siluis
925 2652 1138 2733 paludibusque
1149 2652 1245 2713 murri-

78 2756 103 2811 ΙΙ
121 2760 199 2831 lum,
224 2773 285 2837 que
306 2756 382 2819 eatis
397 2776 524 2839 maguus
538 2757 687 2821 lrominum
705 2753 881 2836 pecorisque
895 2772 1038 2814 numerus
1054 2752 1243 2813 conuenerit.

123 2848 272 2939 Oppidum
285 2865 386 2920 autern
399 2854 539 2923 Britanni
554 2868 681 2935 uocant,
699 2877 766 2919 cum
783 2855 875 2917 sileas
891 2853 1046 2935 impeditas
1062 2852 1140 2913 uallo
1156 2860 1244 2933 atque
1259 2848 1279 2911 3

121 2956 206 3025 tesca
220 2956 405 3037 munierunt,
421 2981 480 3044 quo
494 2960 678 3025 incursionis
687 2958 814 3022 bostium
825 2955 965 3021 uitandae
982 2975 1074 3017 eausa
1082 2951 1246 3017 conuenire

234 3198 246 3251 l
262 3199 417 3267 paulumque
429 3203 475 3251 Be
489 3201 607 3263 ‘estest
622 3200 806 3267 paululumque
822 3200 853 3251 C.
999 3197 1057 3247 ise
1070 3195 1119 3246 bc.

124 3276 270 3328 tricesim
279 3278 306 3327 A
314 3278 337 3327 B
347 3278 412 3341 cu,
427 3278 573 3329 effunderet
585 3277 677 3328 bede.
803 3275 865 3341 niis]
881 3276 949 3325 notis
961 3273 1026 3323 odd.
1039 3289 1053 3323 e
1065 3272 1138 3325 And.
1155 3275 1242 3325 uzon.

232 3355 263 3407 ll
280 3354 458 3409 Trinouantes
472 3358 497 3407 b.
627 3356 658 3407 lb
671 3354 873 3407 llluudubrneius
889 3354 910 3403 li
925 3350 1072 3418 plerique,
1088 3350 1246 3403 Mandubra-

124 3430 175 3481 tius
187 3434 288 3501 ubique
299 3448 328 3483 ss.
356 3434 467 3486 Orostrae
487 3434 540 3499 Vl,
561 3435 593 3499 ll,
613 3434 687 3499 opud
699 3450 776 3500 quaem
790 3434 883 3483 editur
900 3431 1085 3482 'l'rioobuntum
1099 3432 1246 3483 liranissima

124 3507 219 3561 ciuitas
231 3524 291 3561 eum
304 3509 468 3575 Androgorio
481 3511 562 3575 duee,
577 3508 626 3561 sed
639 3526 695 3561 cum
707 3509 839 3573 androgio
859 3514 900 3559 est
919 3512 947 3558 in
960 3507 1182 3573 langobardico,
1205 3511 1247 3557 ai·

123 3585 204 3639 maur
214 3602 276 3639 cum
288 3584 477 3652 blaedubrngio
489 3589 648 3653 scripsisse,
670 3587 744 3653 quod
762 3602 806 3651 ap.
824 3586 902 3635 Coss.
924 3601 947 3635 e.
961 3587 994 3635 'lb
1014 3590 1086 3635 extr.
1104 3589 1131 3634 in
1144 3588 1169 3635 B
1181 3584 1249 3649 iegi-

124 3668 185 3729 tur,-
199 3666 275 3713 oeric
288 3660 315 3713 lt
327 3666 408 3716 initio
420 3664 566 3716 adicienda
579 3668 629 3715 esi.
735 3662 930 3713 adulescensB.
1039 3660 1069 3711 13
1082 3659 1168 3727 pater]
1184 3657 1248 3709 laru-

124 3744 248 3797 sununs
261 3742 327 3794 aad.
340 3742 401 3795 edd.
416 3749 445 3794 ei
456 3743 654 3795 lmannuetitius
668 3758 692 3791 e.
775 3741 806 3791 ld
819 3740 1004 3791 interfectura
1017 3736 1092 3788 Cass.
1106 3754 1141 3787 m.
1154 3752 1200 3801 pr.
1213 3739 1248 3789 A.

235 3818 268 3872 lb
281 3817 496 3873 Mandubracium
508 3821 542 3870 B.
667 3818 700 3871 18
712 3816 872 3885 optiueutB.
993 3813 1246 3867 iisCaesarABD.

232 3912 269 3949 xa
281 3894 338 3962 (B).
463 3898 494 3950 ta
507 3894 772 3961 Mandubraciumque
784 3893 818 3945 B.
956 3889 1246 3956 iblromentnqnebe.

232 3974 267 4031 2¹
283 3972 488 4027 Trinouantibus
500 3976 587 4029 Aac
596 3976 621 4027 b.
727 3974 810 4039 adque
824 3972 863 4035 li,
878 3986 930 4023 non
944 3977 1033 4037 atque.
1149 3968 1184 4021 22
1197 3966 1251 4018 lee-

123 4056 160 4121 εἰ,
173 4052 262 4121 Carisi
271 4052 384 4123 Lipsius
396 4054 434 4107 ad
447 4053 510 4107 rao.
524 4070 590 4107 ann.
603 4053 657 4106 XII
660 4091 669 4118 ,
684 4052 732 4117 323
746 4050 903 4115 Cenomagni
916 4053 945 4100 et
956 4052 985 4100 in
996 4062 1084 4113 marg.
1094 4044 1250 4096 cenomanni

125 4134 166 4197 D,
180 4132 337 4199 Cenimagni
348 4134 453 4201 ntiqui
463 4133 540 4186 codd.
555 4138 583 4184 et
594 4132 655 4184 edd.
770 4130 804 4185 23
818 4130 850 4181 ab
863 4129 896 4181 ils
907 4128 941 4179 B.
1064 4122 1098 4180 27
1110 4120 1250 4173 munierint

128 4210 176 4261 bc.
283 4210 448 4263 incursiones
460 4209 572 4264 bostium
585 4207 686 4263 uitandi
701 4206 751 4269 be,
766 4220 817 4257 non
832 4220 856 4255 e.
