2646 5124
468 646 779 742 effrem-uu.
1178 674 1242 745 urs

57 840 156 907 medio
171 862 277 928 eampo
292 843 494 930 redintegrari
509 847 667 931 proelium.
693 843 770 911 Cum
782 845 820 909 sb
833 844 968 910 hostibus
981 845 1085 911 eodem
1098 849 1185 914 modo
1199 850 1222 914 4

56 957 242 1030 pugnaretur
262 967 319 1011 neo
341 950 507 1013 comminus
529 950 567 1014 nd
582 970 689 1014 manus
705 949 866 1027 rediretur,
884 943 1086 1034 Caesarisque
1101 948 1186 1038 eqni-

56 1044 104 1111 tes
119 1048 252 1115 iumenta
267 1071 308 1115 ex
323 1070 435 1115 nausea
448 1052 574 1130 recenti,
592 1053 655 1131 siti,
672 1052 828 1135 languore,
842 1051 1002 1133 paucitate,
1011 1052 1186 1119 uulneribus

60 1150 221 1236 defatigato
239 1153 277 1217 ad
297 1153 512 1235 insequendum
528 1155 644 1219 hostem
661 1153 975 1238 perseuerandumque
990 1174 1110 1219 cursum
1125 1167 1188 1221 tar·

23 1264 40 1314 s
64 1252 149 1317 diora
164 1252 326 1334 haberent,
344 1256 464 1339 dieique
479 1277 550 1340 pars
566 1257 677 1342 exigua
692 1256 750 1319 iarn
767 1255 881 1337 reliqua
896 1265 998 1333 esset,
1016 1257 1188 1323 cohortibus

62 1355 210 1439 equitibus
232 1357 426 1422 circumdatis
443 1357 637 1437 cohortatur,
658 1370 692 1421 ut
707 1379 767 1421 uno
782 1358 843 1421 ictu
859 1359 1077 1424 oontenderent
1091 1381 1189 1446 neque

61 1459 270 1537 remitterent,
295 1460 389 1529 douee
412 1460 489 1524 ultra
513 1459 634 1524 ultimos
658 1459 749 1524 eolles
772 1459 873 1524 hostes
896 1461 1079 1544 repulissent
1100 1474 1189 1546 atque
1222 1490 1226 1499 ·

63 1579 168 1623 eornm
192 1572 294 1625 essent
307 1562 404 1647 potiti.
435 1560 539 1645 ltaque
555 1563 643 1647 signo
658 1562 728 1625 dato
744 1562 775 1625 in
791 1562 892 1627 hostes
907 1564 1048 1647 languide
1064 1566 1122 1628 tela
1137 1565 1226 1630 neb

63 1661 279 1746 glegenterque
293 1664 436 1730 mittentis
451 1665 550 1729 subito
563 1665 695 1727 immittit
708 1665 848 1729 cohortes
861 1676 1033 1749 turmasque
1045 1687 1187 1746 suorum3

9 1775 40 1827 iu
62 1774 155 1848 atque
179 1776 288 1850 pnneto
312 1769 452 1852 temporis
474 1766 609 1831 hostibus
633 1767 714 1830 nullo
730 1767 851 1850 negotio
867 1788 971 1852 eampo
986 1769 1097 1851 pulsis,
1120 1781 1191 1854 post

65 1868 171 1933 collem
194 1868 318 1934 deieetis
333 1870 415 1934 neoti
430 1870 527 1933 looum
544 1881 632 1952 atque
647 1869 688 1933 ibi
704 1868 855 1954 paulisper
869 1871 1063 1950 commorati,
1088 1873 1131 1935 ita
1146 1873 1190 1936 uti

65 1983 151 2034 erant
173 1970 333 2052 instructi,
358 1973 468 2038 leniter
481 1995 515 2039 se
530 1973 566 2036 ad
583 1993 652 2036 suas
668 1972 816 2057 recipiunt
829 1972 1024 2037 munitiones.
1055 1971 1190 2058 ltemque

65 2074 230 2155 aduersarii
255 2076 333 2140 male
356 2077 471 2162 aeoepti
496 2086 557 2140 tum
580 2077 696 2139 demum
718 2096 753 2139 se
768 2076 804 2139 ad
821 2096 875 2140 suu
890 2074 1039 2160 praesidia
1054 2077 1190 2141 oontnle·
1227 2156 1233 2172 ,

66 2187 147 2239 runt.
178 2174 303 2241 luteri·
325 2199 361 2243 eo
383 2197 417 2243 re
432 2190 518 2264 gesta
533 2190 565 2242 et
579 2178 692 2263 proelio
708 2179 852 2261 dirempto
868 2198 910 2241 ex
924 2177 1107 2243 aduersariis
1123 2176 1247 2263 per-19

10 2286 44 2341 lt
67 2277 172 2361 lugere
192 2279 295 2363 plures
318 2282 461 2357 exomni
484 2301 598 2367 genere
619 2280 791 2357 bominum,
816 2289 847 2341 et
862 2289 1017 2363 praeterea
1032 2280 1191 2364 intercepti

68 2379 230 2465 [hostium]
246 2383 413 2465 complures
434 2384 551 2467 equites
574 2382 757 2468 peditesque.
788 2379 841 2444 Ex
856 2379 962 2463 quibus
978 2382 1129 2465 cognitum
1144 2391 1193 2445 est

67 2483 225 2547 eonsilium
242 2484 388 2564 hostium,
411 2506 465 2550 eos
482 2485 536 2549 hau
552 2497 653 2549 mente
669 2494 699 2549 et
714 2470 829 2547 conatu¹
838 2483 976 2558 uenisse,
994 2484 1036 2546 nti
1053 2505 1132 2547 nouo
1147 2493 1193 2547 at·

68 2605 128 2668 qne
150 2582 294 2651 inusitato
316 2607 428 2673 genere
442 2588 547 2673 proelii
563 2589 678 2652 tirones
693 2586 849 2671 legionarii
866 2586 1009 2670 paueique
1024 2586 1193 2670 perturbati

68 2683 211 2753 Curionis
235 2692 373 2774 exemplo
395 2691 433 2754 ab
455 2693 587 2776 equitatu
610 2688 807 2755 circumuenti
823 2688 1080 2773 opprimerentur,
1105 2700 1137 2753 et
1150 2688 1230 2754 imt

10 2800 44 2855 td
66 2786 233 2855 Labienum
257 2793 371 2858 dixisse
393 2816 448 2879 pro
471 2796 630 2869 eontioue,
656 2804 767 2858 tanturn
788 2811 858 2856 sese
872 2790 1090 2855 multitudinem
1105 2792 1194 2856 euxi-

68 2893 176 2957 liorum
198 2894 380 2961 aduersariis
402 2898 716 2975 subministraturum,
741 2907 774 2959 ut
796 2895 886 2959 etiarn
910 2894 1059 2958 caedendo
1080 2894 1195 2979 inipso

70 2996 199 3060 uictoria
220 2997 375 3083 defetigati
397 3000 592 3072 uincerentur
614 3012 702 3083 utque
718 3020 735 3063 a
750 2998 814 3064 suis
830 3007 1065 3081 superarentur,
1087 2998 1194 3082 quippe

69 3099 120 3182 qui
134 3102 158 3183 †
172 3098 204 3163 in
218 3099 338 3164 illorum
353 3101 411 3167 sibi
427 3104 602 3182 oonlideret,
620 3104 759 3187 priunum,
777 3101 854 3184 quod
870 3101 1007 3163 audierat
1020 3097 1136 3162 Romae
1151 3099 1194 3163 le·
1210 3099 1230 3163 3

68 3200 175 3286 giem
202 3213 361 3269 ueteranus
389 3207 551 3270 dissentire
581 3226 679 3289 neque
705 3206 737 3267 in
768 3204 905 3267 Africam
936 3200 1015 3264 uelle
1045 3201 1193 3278 transire3
1281 3180 1295 3207 ⁸

10 3313 45 3367 tt
69 3304 188 3384 deinde,
206 3306 284 3389 quod
300 3307 432 3373 triennio
446 3308 477 3372 in
493 3309 599 3373 Airica
615 3329 686 3372 suos
702 3308 812 3371 milites
828 3302 1045 3367 consuetudine
1061 3310 1196 3364 retentos

179 3576 324 3628 heumines
337 3576 388 3642 (a).
504 3577 519 3629 3
535 3579 626 3628 neusin
639 3579 714 3628 ‘mre
725 3575 863 3642 plurimi',
879 3571 984 3623 nausias
997 3586 1024 3621 o.
1141 3568 1198 3620 lan·

69 3665 133 3714 gone
146 3666 173 3701 a.
275 3655 416 3706 ltnrdiorn
428 3654 487 3706 eod.
502 3655 565 3706 Vre.
579 3657 597 3708 2
609 3655 677 3706 dett.
695 3655 800 3721 ‘serem
813 3657 841 3702 et
853 3647 875 3701 e’
883 3669 893 3713 ,·
908 3649 1047 3700 tardiorem
1060 3662 1077 3697 o
1090 3647 1105 3696 b
1118 3652 1146 3697 et
1157 3662 1199 3697 ee-

69 3734 138 3794 tm‘,
150 3730 183 3781 de
195 3732 294 3798 quibus
307 3738 425 3785 eoustut.
531 3733 688 3799 dequitibus
700 3732 798 3791 Aldus,
812 3729 996 3797 equitibusque
1010 3720 1087 3778 codd.
1101 3725 1133 3776 Ρ.
1148 3726 1200 3779 tot

69 3815 158 3874 retr„
172 3812 221 3861 ubi
228 3826 282 3876 pro
295 3811 336 3862 ed.
353 3812 437 3862 dosii.
454 3811 541 3862 Aldus
553 3812 737 3863 nominandus
749 3815 819 3861 erut.
974 3806 1127 3857 cohortatur
1141 3805 1197 3856 ntd

70 3886 151 3952 aare,
159 3889 311 3939 cohortetur
324 3896 353 3939 ut
365 3904 382 3938 a
394 3894 422 3938 et
434 3891 534 3939 omisso
547 3895 575 3938 ut
591 3889 621 3952 b‚·
634 3891 784 3941 cohortatus
797 3887 908 3954 imperat
921 3890 950 3934 nt
961 3899 1021 3935 eum
1034 3898 1087 3932 uno
1100 3882 1155 3932 det.
1169 3898 1197 3932 e.

180 3965 196 4015 7
210 3966 385 4028 remitterent]
397 3966 493 4017 bellum
506 3966 570 4017 odd·
585 3967 609 4016 b·
734 3965 911 4031 reppulieuent
922 3977 950 4012 u.
1068 3960 1085 4009 8
1097 3959 1123 4007 in
1137 3972 1197 4022 ego,

68 4046 123 4096 ium
136 4058 153 4092 o
168 4044 198 4105 b,
211 4059 268 4093 enm
282 4045 331 4095 ium
344 4062 372 4096 e.
478 4046 552 4096 hoste
565 4046 590 4095 b.
695 4045 711 4096 d
724 4043 852 4095 mittentis
866 4054 926 4105 ego,
939 4037 1058 4088 mittendi
1071 4051 1088 4085 o
1102 4050 1125 4093 o,
1140 4034 1200 4083 mii·

68 4128 145 4174 tente
160 4122 192 4183 b,·
207 4120 341 4173 mitterent
353 4140 381 4174 u.
506 4131 604 4174 turmns
617 4137 643 4172 u.
764 4122 793 4173 ll
809 4120 901 4169 eollem
914 4133 931 4167 o
946 4118 961 4165 b
974 4132 996 4179 e,
1012 4117 1156 4179 collemque
1169 4129 1198 4164 u.

182 4201 453 4270 lbmuloeeeeptoh.
578 4200 662 4252 llDe
676 4215 698 4248 e.
716 4198 818 4250 tenid.
831 4196 863 4247 Ρ.
877 4192 1024 4247 ads-208.
1142 4208 1200 4260 per·

72 4279 161 4345 lugere
176 4278 291 4342 Gudius,
305 4280 430 4348 portuque
444 4277 522 4330 endd.
658 4275 689 4326 15
703 4272 747 4338 ex]
762 4280 788 4323 et
800 4288 827 4322 o.
958 4275 985 4319 et
997 4282 1051 4318 om.
1066 4268 1091 4317 b.

72 4358 105 4408 ut
118 4357 230 4407 hostiurn
246 4356 464 4423 ‘deleriposset’.
613 4352 644 4404 l'i
658 4351 796 4401 eonsilium
810 4349 923 4400 hostium
935 4362 952 4397 o
968 4346 1042 4396 ‘mre
1053 4345 1200 4412 plerique’,

70 4436 183 4487 hostium
197 4436 333 4488 consilinm
346 4452 375 4487 u.
510 4431 692 4497 sturgionem
707 4429 832 4495 puueique
844 4443 861 4477 o
875 4428 890 4477 b
903 4442 917 4476 e
929 4426 944 4477 3
957 4425 1035 4487 dett,
1049 4425 1200 4488 legionarii-

69 4531 120 4583 que
133 4514 209 4580 penei
223 4529 251 4564 u.
359 4509 554 4565 ldeiroumduti
566 4526 593 4560 a.
698 4505 894 4573 tutationem]
910 4503 998 4555 lubam
1012 4502 1089 4553 codd.
1273 4576 1276 4581 Ι

70 4592 255 4655 eoneioueln).
362 4586 632 4655 se‘mss.plurimi'.
738 4575 1199 4648 tluduersariislcnesnrisaddb.
1272 4580 1291 4611 *-

180 4668 298 4720 eudendo
310 4682 338 4719 o.
460 4665 494 4721 2³
507 4664 551 4730 qui
564 4663 591 4727 d,
605 4661 663 4729 quis
676 4676 693 4711 a
707 4662 722 4712 b
735 4676 758 4712 e.
882 4658 934 4710 sibi
946 4655 1089 4707 conuteret
1099 4667 1133 4714 ας
1147 4652 1199 4704 sibi

70 4746 216 4799 eonllderet
227 4743 397 4797 multitudine
410 4758 425 4794 e
436 4740 463 4807 d,
478 4740 529 4793 dde
541 4740 592 4793 sibi
605 4736 748 4792 eunhderet
761 4739 787 4790 b.
901 4728 1043 4795 audienti
1051 4743 1086 4778 ne
1097 4727 1169 4779 edd,
1181 4744 1215 4776 u.

87 4844 346 4905 omnemnque.
1008 4809 1052 4876 kb
