2646 5124
493 578 816 645 -ttt—

93 757 242 825 tuendas’.
278 754 322 819 Aa
337 777 366 820 c.
383 754 439 833 54,
455 752 476 816 3
497 753 571 817 baec
590 752 735 837 legimnsc
753 748 886 817 ‘Caesar
899 762 1013 834 tamen,
1116 754 1154 817 de
1166 772 1214 819 aa·

90 864 207 929 lontate
221 859 342 925 minime
357 856 476 922 dubium
491 865 576 920 esset
590 854 832 919 aduersariorum
848 874 995 934 suanm,
1016 852 1166 941 Pompeio
1176 856 1214 921 le·

92 966 212 1051 ponem
233 962 351 1027 remisit
374 971 407 1023 et
427 980 482 1024 auo
504 958 627 1022 nomine
641 958 776 1042 quinum
792 958 948 1036 decimam,
970 980 1062 1043 qnam
1075 958 1108 1025 in
1122 956 1213 1023 Gallia

92 1068 233 1134 citeriore
248 1065 405 1139 babuerat,
422 1084 462 1126 ex
477 1072 600 1125 senatos
615 1062 755 1126 consulto
768 1058 852 1125 iubet
865 1060 956 1125 tradi.
990 1059 1029 1125 ln
1045 1060 1113 1127 eiua
1127 1060 1213 1125 lom

91 1171 212 1237 tertiam
228 1169 372 1233 decimam
387 1165 535 1249 legionem
552 1165 584 1229 in
599 1162 718 1229 ltaliam
734 1164 844 1243 mittit,
860 1184 939 1249 qnae
953 1165 1108 1251 praesidia
1122 1174 1214 1231 tace

92 1285 162 1349 tar,
186 1295 226 1338 ea
242 1270 347 1357 quibua
363 1269 518 1354 praesidiis
534 1269 637 1352 quinta
653 1266 765 1333 decima
780 1266 1002 1333 dedocebatnr’.
1042 1266 1127 1333 ilinc
1140 1278 1214 1333 matt

91 1378 152 1443 iam
167 1372 349 1440 ciacconius
371 1372 478 1438 statuit
497 1380 625 1455 atroque
646 1372 714 1436 loco
741 1372 866 1436 candem
886 1370 1036 1457 legionem
1051 1370 1212 1457 panentu

92 1500 175 1558 essc,
191 1478 246 1543 sed
262 1477 345 1541 lalcis
360 1475 534 1563 quibasdam
549 1474 715 1539 rationibus
729 1474 868 1539 indoctas
883 1494 948 1539 cam
964 1482 1103 1557 quartam
1122 1470 1213 1559 appel

92 1583 183 1648 latam
199 1582 292 1645 luisse
307 1578 443 1643 credidit.
480 1575 591 1661 Neque
614 1576 818 1643 duodecimam
833 1587 866 1643 et
879 1577 1013 1661 quinum
1028 1574 1212 1643 dcm'mamir

93 1682 193 1751 Gallia
208 1682 350 1746 citeriore
373 1680 484 1757 luisse,
510 1678 563 1742 scd
586 1700 696 1759 nnam3
719 1690 752 1745 et
770 1680 904 1764 quintam
924 1680 1072 1745 deciman
1094 1690 1213 1763 utraqu

91 1788 161 1851 loco
175 1782 339 1870 ponendam
356 1801 426 1845 esec
441 1781 607 1865 apparebit,
625 1802 704 1862 can,
721 1795 795 1867 quot
808 1782 944 1868 legiones
958 1776 1082 1849 Caesar
1100 1784 1136 1849 in
1148 1778 1212 1849 litl-

92 1889 134 1952 lia
147 1885 304 1962 babuerit,
327 1884 569 1967 exposuerimus.
608 1881 686 1950 Com
701 1880 819 1950 Caesar
832 1907 888 1972 pro
901 1886 1027 1951 consule
1041 1886 1075 1951 in
1090 1882 1211 1951 Guth-

90 1988 228 2064 neniret,
249 1988 282 2051 ia
303 1985 446 2050 ulteriore
467 1986 622 2070 prouincia
643 2008 704 2052 naa
723 1989 887 2073 eratlegio
900 1985 944 2071 (l,
958 1987 994 2069 7,
1009 1988 1062 2074 2),
1084 1986 1213 2055 trescb

93 2113 160 2157 cum
175 2089 346 2174 Aquileiam
362 2088 544 2168 hiemabant,
561 2089 635 2153 duas
648 2090 714 2175 ipae
729 2088 848 2157 Caesar
861 2092 894 2155 in
907 2091 1052 2157 citeriore
1065 2090 1212 2177 praumato

91 2192 274 2278 conscripsit
288 2203 319 2257 et
334 2191 388 2256 bas
403 2192 534 2275 quinque
548 2192 580 2255 in
595 2192 768 2258 ulteriorem
780 2190 909 2259 Galliam
918 2190 1098 2275 adduxitd,
1109 2188 1163 2275 10,
1169 2190 1211 2273 3).

92 2296 199 2381 ltaque
214 2294 309 2381 primo
323 2315 404 2357 nouo
419 2313 478 2358 sex
493 2294 629 2378 legiones
643 2294 674 2359 ia
689 2298 827 2362 exercita
842 2292 987 2362 Caesaris
1009 2298 1150 2375 mmai,
1171 2314 1212 2381 q!

93 2420 236 2465 numerus
251 2394 278 2474 l,
294 2396 349 2476 24,
366 2398 523 2479 elegitur.
549 2395 689 2462 Secundo
703 2419 784 2463 anno
799 2400 871 2464 duas
887 2400 1022 2484 legiones
1037 2420 1136 2464 nonas
1150 2420 1214 2464 cco·

94 2501 216 2588 scripsit
230 2496 287 2575 (ΙΙ,
304 2499 351 2579 2):
371 2509 402 2563 et
417 2496 458 2577 ll,
476 2496 508 2577 8,
526 2498 545 2562 5
571 2513 638 2566 octo
662 2502 796 2587 legiones
820 2504 1049 2567 commemorari
1073 2504 1212 2569 uidemus

92 2605 209 2671 liuram
233 2623 290 2667 sex
312 2612 474 2665 ueterauae
496 2603 584 2668 initio
604 2603 735 2669 Neruici
759 2606 864 2690 proelii
880 2606 1018 2681 aderant,
1035 2606 1128 2684 dnae,
1146 2624 1215 2690 quat

92 2730 130 2774 eo
154 2727 233 2771 anuo
263 2704 451 2786 conscriptae
477 2705 616 2785 inerant,
645 2709 700 2772 snb
728 2711 816 2773 linem
846 2708 953 2793 proelii
980 2718 1217 2790 superuenerunt

93 2814 137 2892 (c.
156 2809 215 2884 19,
240 2806 263 2871 2
285 2816 316 2869 et
329 2805 376 2886 5).
401 2802 477 2871 illae
492 2828 550 2871 sex
566 2831 594 2873 c.
611 2810 654 2875 2³
670 2812 857 2897 appellantur
880 2807 952 2888 vlt,
977 2806 1067 2889 Vlll,
1093 2808 1153 2886 lX,
1175 2806 1215 2889 X,

91 2910 152 2990 xl,
172 2907 247 2974 Xll.
270 2906 375 2990 ltaque
392 2928 458 2971 cum
474 2929 528 2973 ene
543 2912 692 2994 legiones,
710 2935 787 2998 quae
802 2914 833 2976 iu
849 2913 992 2977 citeriore
1007 2911 1108 2977 Galba
1123 2923 1216 2993 erant,

92 3016 205 3102 primae
221 3022 396 3075 numeratae
411 3031 479 3075 esse
496 3014 668 3093 uideantur,
687 3028 748 3080 tres
764 3018 844 3093 illas,
862 3037 938 3099 quae
953 3017 1087 3081 aduentu
1103 3016 1134 3079 in
1150 3014 1219 3081 Gal·

90 3119 161 3185 liam
178 3113 322 3181 Caesaris
339 3114 451 3177 circum
465 3115 633 3199 Aquileiam
657 3120 846 3198 hiemabant,
872 3118 1047 3202 septimam,
1072 3129 1220 3195 octauam,

92 3244 221 3299 nouam,
244 3238 353 3297 uuam,
378 3236 454 3301 qnae
478 3220 507 3283 iu
525 3223 668 3285 ulteriore
683 3222 838 3306 prouincia
855 3232 933 3299 erat,
951 3222 1119 3301 decimam3
1137 3222 1219 3301 dnn,

93 3350 170 3412 quae
193 3324 287 3413 primo
309 3343 389 3387 anan
412 3324 600 3408 conscriptae
622 3337 710 3402 sunt,
736 3324 922 3388 undecimam
946 3334 977 3388 et
997 3324 1220 3402 duodecimam

95 3432 169 3493 duas
185 3432 331 3513 deniqne,
356 3450 432 3513 quae
449 3428 505 3491 boc
521 3428 652 3491 seeundo
668 3448 747 3491 anuo
764 3439 978 3504 accesserunt,
1006 3427 1128 3490 tertiam
1144 3424 1222 3492 deci·

92 3551 171 3593 mam
187 3543 217 3593 et
232 3545 368 3612 quartum
385 3531 528 3592 decimam
545 3531 710 3611 appellatas
734 3550 802 3593 esse
824 3541 1002 3594 statuemus.
1039 3526 1083 3593 Et
1104 3528 1223 3594 undeci-

94 3649 171 3691 mam
193 3631 289 3711 primo
311 3650 391 3693 anuo
412 3631 603 3693 constitutam
628 3650 697 3694 esse
719 3629 837 3695 llirtins
853 3628 942 3709 Vlll,
959 3629 1030 3709 8,2
1052 3632 1223 3709 conlirmat,

93 3730 145 3794 ubi
160 3730 328 3813 septimam,
346 3740 496 3805 octauam,
514 3752 622 3795 aonam
640 3734 820 3798 ueterrimas
836 3736 920 3812 dicit,
938 3735 1139 3813 undecimam,
1156 3733 1225 3798 lieet

95 3842 164 3896 octo
187 3832 336 3915 stipendia
358 3830 538 3911 meruisset,
570 3835 701 3899 nondum
732 3847 831 3899 tamen
854 3839 980 3902 eandem
1003 3836 1170 3903 uetustatis
1189 3856 1224 3901 ac

91 3935 212 3999 uirtutis
229 3934 345 4018 cepisse
360 3933 541 4018 opinionem.
577 3933 729 4002 Proximis
753 3938 850 4003 tribus
866 3942 954 4004 anuis
969 3962 1066 4005 nonas
1090 3942 1226 4027 legiones

93 4038 280 4121 conscriptas
307 4058 367 4099 noa
388 4058 456 4101 esse
478 4050 509 4102 et
524 4041 628 4123 quinto
644 4062 721 4105 auno
737 4043 906 4105 exercitam
923 4043 1074 4106 etiamtum
1099 4054 1171 4107 octo
1184 4042 1226 4107 lc·

93 4140 233 4225 giombns
249 4140 422 4205 constitisse
437 4161 478 4204 ex
493 4141 535 4221 V,
552 4141 574 4206 8
589 4145 745 4221 uidemus,
768 4145 826 4207 uisi
843 4146 920 4229 qaod
936 4166 974 4209 eo
989 4166 1070 4209 anno
1093 4145 1226 4230 quinque

94 4243 233 4306 cobortes
248 4264 338 4326 supra
355 4264 509 4306 numeram
526 4245 658 4309 luerunt.
700 4244 780 4311 Nam
798 4246 839 4327 V,
857 4248 899 4311 tt
923 4246 1041 4313 Caesar
1055 4249 1226 4333 legionibus

95 4344 219 4408 hiberna
235 4345 277 4407 ita
293 4343 448 4407 distributa
464 4366 532 4409 esse
548 4347 660 4409 relert:
680 4349 806 4429 ‘uuam',
824 4351 933 4433 inquit,
954 4352 996 4414 ‘iu
1012 4348 1158 4416 Morinos
1173 4352 1226 4415 du·

94 4448 218 4512 cendam
242 4442 281 4511 C.
305 4444 401 4509 Fabio
423 4445 522 4531 legato
543 4447 640 4526 dedit,
662 4449 786 4514 alteram
808 4452 839 4514 in
854 4451 991 4518 Neruios
1007 4451 1048 4536 Q.
1067 4450 1225 4534 Ciceroni,

95 4551 214 4616 tertiam
228 4546 400 4613 inEsuuins
416 4545 456 4611 L.
467 4546 592 4612 Roscio’
608 4550 699 4631 (banc
713 4554 809 4617 inisse
824 4555 944 4619 tertiam
961 4557 1107 4620 decimam
1123 4579 1152 4621 c.
1170 4555 1225 4638 53,

96 4650 329 4737 lideclaratnr),
360 4659 506 4736 ‘qaudam
527 4673 594 4717 cnm
610 4651 650 4716 T.
666 4650 805 4721 Labieno
825 4657 857 4722 in
873 4658 1002 4725 confinio
1018 4657 1228 4729 Treuerorum
