2646 5124
490 596 784 668 curvus-11.
1203 606 1273 680 ,62⁹

85 774 166 854 sitis,
184 772 276 857 quod,
294 793 360 836 cu·
376 771 496 858 longius
510 775 599 858 paulo
611 773 792 852 discederet,
809 775 991 840 munitiones
1004 777 1118 843 nudare
1129 781 1213 846 uole-

85 879 149 943 bat.
183 873 320 959 Cumque
335 875 372 940 ad
388 895 454 939 eum
470 876 567 941 locum
583 878 775 957 accessisset,
794 879 842 961 qui
858 879 1025 963 appellatur
1039 875 1250 951 Chersone-2

85 1002 138 1046 sus
154 979 341 1063 aquandique
358 1000 448 1043 eausa
463 979 592 1063 remiges
606 980 638 1044 iu
654 991 765 1045 terram
781 981 993 1066 exposuisset,
1022 984 1156 1048 nonnulli
1171 1005 1214 1050 ex

85 1105 123 1148 eo
140 1103 287 1161 numero,
316 1104 384 1145 cum
408 1081 528 1166 lougius
544 1103 562 1146 a
576 1083 704 1147 nauibus
720 1084 894 1167 praedatum
911 1085 1149 1168 processissent,
1174 1086 1212 1151 ab

50 1200 67 1250 t
92 1184 237 1270 equitibus
260 1184 390 1248 bostium
412 1195 485 1249 sunt
505 1186 637 1269 excepti.
678 1184 730 1249 Ex
753 1186 799 1250 bis
821 1197 1028 1270 coguoucrunt
1049 1184 1248 1254 Caesareusd

87 1289 184 1374 ipsum
204 1287 236 1351 iu
260 1287 359 1352 classe
381 1287 503 1352 uouisse
525 1309 622 1371 neque
643 1288 721 1352 ullos
744 1289 854 1354 milites
875 1289 907 1353 in
931 1289 1057 1354 nauibus
1087 1290 1210 1357 babere.

65 1454 69 1461 ,
86 1389 205 1475 Quare
220 1400 372 1474 comperta
386 1411 524 1474 maguam
540 1391 598 1456 sibi
615 1391 786 1456 tenultatem
809 1394 959 1455 fortunam
975 1392 1120 1458 obtulisse
1134 1393 1212 1460 bene

86 1493 237 1579 gerendae
253 1492 299 1556 rei
314 1493 518 1558 crediderunt.
550 1490 655 1577 ltaque
669 1514 764 1558 naues
780 1515 902 1573 omues,
928 1516 1003 1579 quas
1024 1505 1143 1581 paratas
1159 1497 1248 1565 tuo-t

86 1596 218 1660 buerant
232 1596 269 1659 ud
284 1595 493 1681 nauigandum,
511 1596 783 1680 propugnatoribus
798 1597 1010 1663 instruxerunt
1024 1594 1212 1683 Caesarique

29 1709 64 1763 tu
86 1698 224 1763 redeunti
239 1719 306 1761 oum
321 1698 416 1763 classe
432 1710 642 1763 occurrerunt.
678 1697 739 1783 Qui
755 1699 868 1764 duabus
883 1701 920 1764 de
936 1700 1035 1765 causis
1051 1721 1088 1766 eo
1104 1702 1152 1767 die
1168 1702 1247 1770 Μ

86 1802 199 1866 mirare
214 1799 346 1879 uolebat,
364 1803 442 1885 quod
457 1812 488 1866 et
503 1801 600 1866 nullos
616 1802 724 1867 milites
739 1802 771 1866 in
787 1802 912 1867 nauibus
928 1802 1075 1881 babebat,
1099 1815 1213 1888 etpost

87 1903 190 1967 boram
205 1903 300 1968 xdiei
314 1925 365 1969 res
380 1905 544 1989 agebatur3
563 1925 626 1968 uox
640 1915 739 1969 autem
755 1906 883 1971 odetuna
899 1905 1058 1970 uidebatur
1066 1908 1211 1972 maiorem

86 2006 221 2071 fiduciam
236 2007 309 2087 illis,
328 2008 379 2092 qui
394 2008 526 2071 locorum
542 2008 647 2072 notitia
663 2009 870 2072 confidebant:
893 2009 950 2072 sibi
966 2009 1055 2073 etium
1072 2008 1212 2075 bertaudi

10 2184 13 2190 ,
85 2130 157 2173 suos
172 2111 318 2175 auxilium
334 2111 526 2186 defuturum,
551 2111 631 2194 quod
646 2111 725 2175 nulla
752 2112 826 2176 satis
841 2111 951 2176 idonea
968 2121 1048 2176 esset
1064 2111 1209 2190 hortatio,

29 2223 64 2277 te
84 2218 161 2301 quae
188 2233 286 2297 neque
308 2214 450 2278 uirtutem
473 2224 577 2298 posset
599 2224 704 2278 notare
728 2234 823 2297 oeque
847 2214 998 2277 inertiam.
1040 2210 1158 2294 Quibus
1174 2210 1248 2279 tot

87 2316 189 2380 mosis
204 2335 311 2393 naues,
328 2338 401 2400 quas
416 2317 524 2402 potuit,
542 2311 659 2380 Caesar
675 2317 713 2379 ad
728 2326 837 2380 terram
854 2316 1000 2395 detrabit3
1018 2336 1104 2401 quem
1120 2317 1151 2380 in
1167 2316 1212 2381 lo·

89 2439 157 2481 oum
172 2418 240 2481 illos
256 2439 450 2484 successuros
466 2441 526 2483 uon
542 2418 745 2483 existimabat.
776 2416 855 2481 Erat
870 2439 928 2481 uua
945 2418 1032 2482 nauis
1048 2416 1167 2482 ilbodia
1182 2419 1214 2482 in
1229 2417 1269 2490 ll

88 2520 198 2584 dextro
215 2516 355 2587 Caesaris
370 2543 464 2587 cornu
481 2524 571 2607 louge
587 2525 623 2586 ab
639 2522 761 2606 reliquis
782 2520 938 2584 collocata.
985 2517 1072 2582 Hanc
1095 2520 1213 2605 conspi-

87 2622 147 2687 cati
163 2623 267 2689 bostes
281 2645 341 2688 uou
358 2636 520 2690 tenuerunt
534 2647 614 2704 sese,
630 2645 800 2709 magnoque
815 2624 927 2708 impetu
943 2633 991 2685 uu
1006 2623 1043 2686 ad
1059 2642 1124 2686 eam
1140 2644 1213 2687 con·

26 2735 64 2793 2⁰
85 2735 201 2790 stratae
216 2747 311 2791 naues
327 2739 358 2792 et
372 2729 542 2812 complures
558 2741 679 2815 apertae
695 2727 927 2792 contenderunt.
951 2722 1010 2790 Cui
1026 2736 1149 2789 coactus
1164 2724 1249 2790 est2

88 2823 203 2893 Caeam
218 2830 299 2894 ferre
314 2831 498 2910 subsidium,
522 2854 560 2896 no
577 2843 693 2916 turpem
709 2832 740 2896 iu
757 2838 919 2915 conspectu
935 2828 1146 2892 contumeliam
1161 2848 1212 2893 ao·

88 2931 212 3016 ciperet,
230 2953 420 3016 quamquam,
437 2935 543 3018 siquid
557 2936 679 3021 manius
695 2934 753 2999 illis
768 2932 938 3010 accidisset,
956 2931 1063 2996 merito
1071 2952 1212 2997 casurum

85 3034 248 3099 iudicabat.
281 3033 435 3101 Proelium
459 3038 649 3103 commissum
671 3049 719 3102 est
740 3057 847 3120 magna
870 3035 1062 3100 contentione
1076 3032 1248 3099 utorio-3

87 3157 175 3216 rum,
203 3139 342 3220 quicum
365 3141 397 3204 iu
420 3141 556 3205 omuibus
580 3140 820 3206 dimicationibus
843 3150 874 3202 et
895 3139 1023 3203 seientia
1045 3149 1077 3200 et
1099 3138 1210 3203 uirtute

27 3250 64 3305 π
86 3240 320 3325 praestitissent,
340 3252 401 3306 tum
416 3245 547 3309 maxime
562 3245 614 3309 illo
631 3254 765 3326 tempore
781 3253 875 3305 totum
892 3262 969 3303 onus
985 3239 1135 3303 sustinere
1151 3260 1212 3304 nou

86 3343 286 3422 recusabant,
311 3346 442 3429 nequod
459 3368 581 3411 suorum
598 3348 683 3431 eulpa
699 3346 909 3409 detrimentum
926 3351 1078 3425 acceptum
1096 3340 1213 3405 uidere·

87 3455 149 3510 tur.
179 3442 650 3531 ltaprocliumsecuudissimum
667 3449 852 3512 estfactum.
890 3438 988 3526 Capta
1011 3450 1059 3508 est
1079 3461 1139 3506 uua
1159 3442 1249 3510 tro-t

88 3547 178 3613 etium
193 3550 404 3634 quadriremis,
422 3552 564 3637 depressa
580 3562 630 3617 est
643 3551 751 3628 altera,
768 3549 845 3612 duae
860 3546 998 3611 omuibus
1014 3543 1140 3632 epibatis
1156 3566 1213 3610 uu·

88 3649 196 3732 datae3
221 3674 330 3739 magna
350 3665 509 3739 praeterea
531 3655 688 3720 multitudo
712 3653 743 3717 iu
761 3650 883 3735 reliquis
899 3647 1028 3714 nauibus
1044 3668 1214 3733 propugna-

31 3763 67 3816 to
90 3763 188 3820 torum
203 3755 256 3821 'est
277 3757 449 3823 interiecta.
497 3756 666 3840 Quodnisi
690 3778 753 3821 nox
777 3755 921 3841 proelium
938 3751 1124 3831 diremisset,
1149 3750 1248 3817 totab

199 3997 212 4050 l
228 3999 319 4051 nudari
332 4001 358 4052 d
467 4002 759 4064 2aeeeeeiesetAldue,
774 4001 976 4052 occessieeeuto
986 3992 1104 4048 ‘mee.8’.

87 4072 269 4127 Chersonesus
283 4079 337 4128 ‘uel
347 4078 546 4131 Chersonensus
560 4081 614 4145 be',
628 4080 828 4132 Chersonensus
841 4091 869 4126 a.
1018 4073 1033 4124 3
1047 4070 1215 4136 exposuisset

85 4153 187 4218 Aldine
203 4158 386 4222 ⁰¹tt⁰⁸ttiuont
397 4175 414 4209 α
429 4159 503 4208 ‘mee
518 4159 552 4209 θ’.
662 4155 834 4210 thiecourt.
848 4158 913 4204 onte
926 4152 989 4203 Ato.
1002 4150 1166 4216 Stephanus,
1180 4150 1213 4202 iis

85 4231 175 4284 Aldus
187 4247 216 4282 tt·
347 4234 460 4302 ducque
474 4250 532 4300 ego,
547 4252 594 4286 uec
608 4235 647 4300 (a)
661 4234 721 4284 edd.
735 4232 877 4297 Nusquam
890 4232 919 4280 io
934 4235 993 4280 toto
1005 4233 1214 4281 commentor-to·

85 4324 147 4360 rum
161 4325 275 4376 corpore
287 4327 350 4377 seu,
371 4329 439 4375 nen,
462 4315 662 4377 ueeponuotcr
673 4315 737 4360 onte
750 4307 888 4370 uocatam,
909 4309 966 4356 nise·
984 4305 1058 4371 qood
1076 4311 1175 4357 auctor
1187 4307 1212 4357 b.

87 4385 437 4456 11e'ep.uecopiuuusdieit.
546 4389 792 4441 ltloceurrerauto.
900 4381 1104 4449 idquounllaa.

88 4464 121 4516 tt
134 4480 309 4518 succensuros
327 4482 388 4518 oum
404 4473 508 4534 peneto
529 4467 607 4517 subo
629 4470 657 4515 et
673 4479 797 4530 suproec.
812 4477 871 4526 oo,
895 4475 1067 4512 succensores
1081 4476 1104 4511 o.

88 4542 121 4595 19
132 4558 183 4594 uon
196 4550 287 4596 terunt
299 4560 327 4609 a,
341 4551 478 4595 uerterunt
493 4544 518 4594 b.
622 4543 656 4599 22
669 4556 815 4609 quanquam
824 4540 874 4605 (a).
980 4552 1069 4591 casum
1080 4535 1105 4586 b.

86 4621 281 4676 anatome.
387 4622 582 4674 contentione.
698 4617 896 4687 2bquituuub.
1018 4611 1215 4671 25maaiuteiu

89 4698 137 4753 illo
151 4700 176 4752 b.
282 4700 317 4756 28
330 4700 455 4769 depressa
467 4699 552 4755 alteru
566 4699 590 4751 b.
697 4697 764 4751 duae
779 4696 929 4762 Turnebus,
944 4693 1037 4757 deinde
1049 4688 1127 4743 codd.
