2646 5124
510 548 812 615 ...42-

96 724 182 787 lectis
201 722 404 805 reliquisque,
426 718 476 801 qui
499 738 540 782 ex
561 718 636 783 urbe
658 720 808 783 amicitiae
829 738 920 785 causa
934 714 1104 785 Caemrem
1127 724 1222 787 menti

96 846 157 890 non
171 846 311 909 magnum
326 825 357 887 iu
372 842 407 886 re
423 822 545 885 militari
561 842 647 885 usum
670 822 845 885 babebaut’.
891 816 1112 887 Demonstrant
1131 825 1224 911 igitur

96 928 188 993 uerba
206 937 280 991 ‘non
295 926 444 1012 magnum'
461 935 513 989 aut
530 936 682 1010 ‘magnum
698 924 860 1007 periculum
875 924 1100 989 miserabantur
1114 926 1222 1010 quod',

96 1050 173 1114 quae
195 1030 225 1093 iu
247 1028 372 1113 reliquis
393 1028 519 1113 integris
542 1038 573 1089 et
594 1029 625 1089 in
646 1026 835 1110 interpolatis
857 1036 924 1110 post
952 1026 1086 1091 ‘secuti'
1109 1029 1223 1095 adiecta

95 1142 184 1210 sunt,
213 1133 245 1196 in
267 1132 369 1196 codice
391 1130 555 1213 archetypo
576 1130 607 1191 in
623 1131 760 1214 margine
775 1128 867 1193 luisse
883 1128 1006 1215 scripta.
1050 1126 1135 1196 Nam
1149 1132 1223 1199 baso

96 1234 230 1298 eicienda
246 1254 315 1299 essa
329 1244 412 1298 recte
427 1229 631 1297 Schneiderus
646 1230 873 1294 demonstrauit.

182 1336 246 1402 llos
262 1338 380 1401 codices
396 1336 485 1419 longe
499 1334 628 1418 optimos
643 1352 712 1396 esse
727 1328 932 1417 etsiripitaius
947 1334 1065 1399 demum
1080 1335 1219 1421 (sobedd.

96 1439 177 1503 critt.
202 1440 234 1503 in
256 1460 364 1503 comm.
389 1438 425 1500 de
447 1436 477 1500 b,
502 1434 584 1501 Gall.
608 1433 697 1520 Lips.
722 1432 828 1519 1835)
856 1444 888 1499 et
909 1432 1114 1502 Sebncidcrua
1134 1439 1221 1505 intel-

95 1538 238 1605 lexerunt
253 1544 442 1624 (quamquam
459 1548 566 1602 neuter
580 1539 654 1601 satis
669 1547 811 1601 ammata
826 1537 894 1617 bos,
914 1559 990 1622 quos
1004 1560 1221 1607 commemora·

94 1641 210 1721 ulmus,
233 1644 270 1705 ab
292 1641 359 1706 aliis
381 1642 527 1725 dignitate
541 1640 633 1723 longe·
653 1638 850 1704 inferioribus
863 1642 1038 1725 secreuit),
1062 1654 1165 1709 umen
1178 1640 1220 1709 il'a

95 1744 286 1807 manifestum
308 1753 372 1820 est,
405 1754 437 1805 ut
457 1744 606 1807 nemincm
629 1742 753 1826 postbac
774 1743 812 1807 de
833 1762 870 1807 ea
883 1762 919 1806 rc
934 1742 1138 1809 dubitaturum
1152 1764 1220 1811 etta

95 1864 218 1927 sperare
240 1844 341 1908 liceat.
379 1840 548 1909 Rarissimc
568 1856 668 1907 autem
690 1844 721 1907 in
744 1843 790 1907 bis
810 1844 895 1909 libris
911 1866 929 1908 a
944 1846 1095 1931 scriptura
1109 1846 1221 1911 codicis

95 1946 251 2031 archetypi
272 1946 437 2011 discessum
459 1966 529 2011 esse
551 1947 599 2011 uel
622 1946 758 2031 paucitas
783 1957 873 2029 atquc
893 1950 973 2011 ratio
988 1968 1094 2013 eorum
1107 1948 1220 2014 addila·

95 2058 261 2112 mentorum
278 2049 402 2132 probat,
427 2049 550 2132 quaein
566 2049 620 2114 bac
635 2048 747 2111 lamilia
762 2049 973 2133 reperiuntur,
996 2070 1064 2114 cum
1078 2050 1112 2115 iu
1126 2052 1221 2117 iuter·

95 2150 194 2235 polata
209 2172 269 2215 non
285 2151 356 2215 siut.
387 2150 468 2216 Nam
483 2148 517 2228 1,
536 2148 595 2226 13,
612 2150 633 2213 3
648 2172 687 2214 en
703 2152 840 2235 margine
853 2150 936 2215 illata
952 2162 1023 2215 sunt
1038 2153 1132 2218 basus
1157 2152 1220 2218 ‘lo-

93 2252 157 2336 gali
172 2253 209 2316 ab
225 2252 373 2318 Heluetiis
395 2256 478 2318 missi
501 2275 603 2339 pacem
626 2264 729 2338 petunt
744 2272 810 2314 cum
826 2253 1052 2317 denuntiatione
1066 2257 1218 2337 temm’,

94 2350 144 2431 11,
162 2354 202 2434 8,
220 2356 240 2421 3
255 2357 348 2421 uerbo
371 2358 552 2442 ‘castigatus
561 2360 582 2437 ’‚
607 2358 684 2440 quod
701 2376 806 2443 errore
821 2354 851 2417 iu
868 2355 970 2419 codice
984 2356 1151 2443 archetypo
1166 2380 1220 2444 pro

97 2457 276 2541 ‘fastigatus'
293 2462 432 2545 scriptum
444 2471 520 2537 erat,
538 2461 669 2523 additum
686 2469 732 2522 est
749 2456 935 2535 ‘castratus’,
952 2456 1080 2537 1v‚22‚
1099 2458 1119 2522 3
1136 2473 1219 2526 octo·

87 2562 219 2643 'genario
236 2580 359 2623 numero
375 2562 523 2645 ascriptus
540 2562 784 2648 octingenarius‚
802 2558 859 2638 Vl,
876 2559 909 2639 7,
926 2559 947 2623 7
962 2560 993 2623 in
1011 2562 1114 2627 uerbis
1132 2572 1219 2628 ‘uon-

95 2662 193 2725 uullos
209 2662 335 2725 Gallicis
357 2662 448 2728 rebus
472 2666 591 2728 lauere’
615 2676 683 2749 post
704 2664 829 2748 primam
844 2681 949 2725 uocem
974 2659 1116 2729 ‘Gallos’
1139 2667 1219 2730 adic-

94 2772 195 2841 ctum,
212 2762 290 2843 vlt,
307 2762 361 2841 23,
378 2765 398 2828 3
415 2768 506 2830 uerbo
524 2766 763 2849 ‘coagmentatis'
780 2766 980 2849 praepositum
998 2766 1219 2850 ‘coagminatis’

93 2860 167 2942 Vll,
185 2864 239 2943 78,
256 2865 278 2927 2
292 2867 324 2929 in
339 2868 385 2931 bis
403 2869 466 2933 ‘illo
482 2880 581 2932 tamen
596 2869 693 2952 potius
708 2869 849 2931 utendum
862 2868 997 2933 consilio’
1013 2881 1080 2954 post
1096 2871 1218 2936 ‘tamen’

93 2964 224 3028 additum
243 2971 423 3052 ‘tempore'‚
441 2970 536 3051 vill,
554 2971 615 3049 24,
633 2970 653 3033 3
671 2969 835 3048 ‘incolae',
853 2970 907 3047 27,
924 2968 944 3032 3
962 2972 1070 3035 ‘non'.
1111 2970 1148 3037 ln
1163 2972 1218 3037 bac

93 3065 199 3131 borum
222 3071 307 3134 codd.
335 3074 518 3157 praestantia
541 3074 736 3137 uehementer
758 3073 916 3136 dolendum
939 3083 987 3136 est
1007 3074 1038 3136 in
1060 3074 1098 3138 iis
1122 3096 1220 3160 nequa

93 3170 248 3255 quicquam
264 3186 384 3257 praetor
398 3188 466 3241 octo
482 3177 713 3241 commentarios
729 3176 765 3239 dc
786 3175 817 3237 b.
835 3173 915 3237 Gall.
934 3186 1087 3239 seruatum
1103 3188 1219 3241 essaei

92 3293 131 3337 ne
148 3274 201 3340 bos
217 3278 334 3360 quidem
350 3300 445 3364 aeque
460 3280 563 3365 plenos
578 3291 667 3363 atquc
682 3280 713 3342 in
729 3276 929 3362 interpolatis.
972 3275 1054 3340 Nam
1078 3289 1109 3341 et
1125 3280 1218 3363 pluri·

90 3374 146 3440 bus
162 3379 235 3444 locis
251 3383 342 3447 uerba
357 3385 501 3466 quaedam
518 3382 707 3457 exciderunt,
726 3381 792 3444 etin
809 3380 883 3443 libro
896 3377 973 3443 vlit
986 3397 1062 3463 quac
1077 3380 1220 3463 leguntur

92 3476 161 3540 inde
175 3500 193 3542 a
209 3484 309 3547 uerbis
332 3473 406 3548 ‘nisi
423 3485 553 3549 maiore’
578 3504 606 3545 c.
626 3484 677 3561 ll,
696 3482 713 3545 1
732 3482 877 3564 usquead
894 3503 921 3546 c.
941 3480 993 3558 12,
1010 3479 1042 3543 3.
1074 3479 1152 3547 Item
1167 3504 1218 3549 ca-

92 3577 154 3661 pita
169 3579 221 3656 bl,
241 3582 294 3661 52,
312 3583 353 3648 33
369 3586 517 3669 usquead
534 3583 626 3648 uerba
650 3591 726 3667 ‘quo
742 3584 886 3648 maiores'
910 3586 1020 3649 desunt
1034 3586 1065 3648 in
1080 3582 1154 3650 Par.
1171 3608 1218 3671 pr.

92 3675 186 3745 Voss.
204 3702 250 3765 pr.
268 3681 372 3768 Egm„
390 3687 489 3751 sedin
506 3686 550 3751 bis
567 3686 680 3751 duobus
696 3688 840 3769 usquead
856 3686 991 3752 uerbao.
1010 3686 1106 3761 52‚t
1129 3694 1218 3753 ‘oum

92 3776 235 3847 Caesaris
250 3786 362 3863 eausa',
379 3788 422 3851 ita
436 3798 471 3852 ut
485 3799 620 3853 extrema
635 3789 676 3851 sit
689 3788 804 3873 syllaba
821 3788 949 3868 ‘Caes',
966 3791 1003 3853 ad
1019 3789 1133 3855 calcem
1147 3810 1220 3877 sup-

93 3883 172 3966 pleta
187 3896 268 3949 sunt.
313 3886 393 3952 Nam
416 3891 452 3954 de
466 3887 676 3975 Bongarsiano
698 3892 793 3976 primo
809 3896 846 3957 ob
862 3912 916 3970 ea,
940 3913 1018 3977 quae
1032 3912 1123 3976 supra
1139 3893 1218 3973 dini,

93 3984 129 4048 de
145 3987 312 4069 posteriore
327 3991 432 4056 lacuna
447 3994 594 4057 incertum
610 4006 668 4058 cst.

179 4085 381 4176 interpolatae
396 4096 527 4159 familiae
543 4096 767 4179 antiquissimus
782 4096 899 4176 codex,
925 4097 975 4180 qui
991 4096 1109 4180 quidem
1124 4096 1219 4161 colla-

92 4192 215 4268 tussit,
234 4191 391 4261 Parisinus
407 4200 555 4263 secundus
572 4210 633 4277 est,
650 4200 681 4262 in
698 4201 781 4285 regia
797 4200 973 4264 bibliotheca
990 4217 1116 4261 numero
1131 4196 1220 4280 quin·

93 4292 177 4375 quies
193 4294 366 4361 millesimus
389 4301 674 4386 septingentesimus
695 4303 903 4386 sexagesimus
926 4311 1069 4384 quartus,
1093 4300 1219 4363 saeculo

92 4395 248 4460 undecimo
271 4398 304 4462 in
324 4400 505 4466 membranis
529 4403 669 4466 maximis
691 4406 832 4489 scriptus.
879 4396 994 4466 Eodem
1016 4402 1104 4465 modo
1126 4412 1218 4484 atqua

92 4496 189 4581 primo
214 4495 351 4564 Parisino
375 4522 447 4567 usus
470 4515 517 4569 est
538 4504 751 4585 Aobaintrius‚
773 4507 846 4570 mibi
868 4506 937 4570 libri
959 4507 996 4569 de
1018 4504 1097 4567 bello
1119 4504 1216 4582 ciuili,

93 4598 321 4683 Alexandrino,
345 4602 511 4682 Africano,
535 4605 728 4689 Hispaniensi
751 4620 783 4673 et
803 4608 935 4674 inlibris
951 4606 1081 4673 debello
1097 4603 1218 4670 Gallico
