2646 5124
446 622 587 692 comt
606 622 650 692 lll
664 623 760 693 CAP.
775 624 928 692 tid-titi.
1238 630 1303 699 bit?

119 820 212 885 aegre
227 797 421 876 resisterent,
431 796 672 863 animaduersum
684 809 734 862 est
745 799 850 862 uitium
864 800 1050 878 munitionis,
1063 803 1139 883 quod
1153 823 1244 887 supra

119 905 358 968 decucustratuut
381 909 448 977 est,
471 911 565 984 atque
584 901 666 965 iuter
686 902 760 965 duos
777 902 891 978 callos,
917 924 974 985 qua
990 906 1152 986 perlectum
1168 926 1244 989 opus

119 1028 180 1070 uon
202 1013 288 1082 erat,
310 1023 366 1088 per
385 1024 469 1067 auare
489 1004 616 1067 canibus
632 1005 762 1088 expositi
778 1004 809 1068 in
826 1026 951 1069 auersos
967 1015 1087 1071 nostros
1102 1007 1244 1091 impeturn

121 1112 260 1173 lecerunt
271 1116 363 1190 atque
378 1126 421 1170 es
436 1116 561 1189 utraque
573 1107 741 1171 munitione
756 1108 890 1171 deiectos
904 1119 988 1191 terga
1001 1118 1123 1172 uertere
1134 1116 1243 1193 ccipe-

81 1225 97 1275 5
121 1221 205 1275 runt.
231 1206 300 1275 lloc
313 1209 444 1273 tumultu
459 1208 597 1272 nuntiato
612 1206 811 1273 Marcellinus
827 1210 967 1275 cobortes
983 1211 1114 1274 subsidio
1130 1213 1242 1277 uostris
1256 1212 1300 1282 bl

119 1312 327 1378 laborantibus
349 1310 494 1376 submittit
516 1332 557 1375 ex
573 1312 702 1391 castris3
727 1333 802 1395 quoe
819 1313 967 1397 fugientes
982 1315 1173 1396 conspicatae
1189 1335 1242 1378 ue·

120 1436 178 1500 que
198 1416 268 1480 illos
291 1434 349 1479 suo
370 1414 503 1478 aduentu
521 1414 700 1479 cculirntare
723 1425 888 1499 putuerunt
902 1436 998 1501 neque
1014 1416 1098 1500 ipsae
1112 1417 1242 1481 bostium

119 1517 423 1603 impetum-tulerunt.
448 1512 553 1599 ltaque
568 1516 774 1602 quodcumque
789 1517 954 1582 addebatur
967 1518 1112 1596 subsidio,
1131 1519 1159 1583 id
1174 1520 1278 1583 cor-2

119 1631 241 1706 ruptum
263 1619 373 1683 tinore
393 1618 570 1702 &nentium
587 1630 732 1685 terrorem
749 1630 779 1682 et
793 1621 957 1704 periculum
973 1620 1121 1706 augebat:
1148 1623 1241 1687 botui-

61 1735 94 1789 to
119 1725 232 1786 minuta
247 1722 327 1787 euim
341 1722 528 1787 nultitudiue
542 1732 680 1806 receptas
697 1722 923 1806 inpediebatur.
946 1720 982 1787 ln
998 1746 1036 1789 ec
1046 1727 1160 1809 proelio
1172 1726 1278 1791 caud

119 1826 208 1912 graui
222 1825 349 1890 nalum
362 1834 446 1889 esset
459 1824 583 1889 ab'eetus
597 1825 736 1907 aquilifer
750 1837 782 1888 et
796 1846 815 1888 a
830 1827 946 1891 uiribus
962 1814 1150 1906 deficeretur,
1168 1849 1244 1895 eon-.

118 1928 253 2013 spicatas
268 1926 386 2011 equites
399 1937 541 2004 nostrus,
561 1925 661 1991 ‘lianc
676 1928 757 2013 eqd,
774 1929 882 2011 inquit,
901 1938 944 1993 ‘et
959 1930 1045 1995 nicus
1061 1931 1171 1995 multos
1188 1950 1243 2016 per

119 2052 215 2095 annos
236 2051 347 2115 magua
369 2029 528 2115 diligentia
549 2031 665 2095 delendi
682 2040 714 2093 et
727 2052 806 2095 ncnc
821 2033 953 2096 moriens
968 2034 1071 2098 eadem
1088 2035 1145 2098 lide
1160 2028 1242 2097 Cae·

119 2135 180 2197 sari
194 2134 334 2198 mdccc.
366 2131 485 2212 Nolite,
505 2133 644 2211 obsecre,
660 2134 860 2212 comruittere,
878 2136 954 2215 quod
970 2147 1040 2199 onte
1055 2136 1086 2199 in
1101 2135 1276 2201 exercitat

64 2248 96 2301 tt
119 2233 265 2301 Cauaris
280 2258 340 2303 coa
356 2236 489 2315 accidit,
513 2247 546 2300 ut
560 2236 605 2300 rei
620 2236 758 2301 militaris
773 2237 901 2300 dedecus
917 2238 1109 2315 admittatur,
1126 2240 1241 2302 incolu-

119 2360 257 2424 nemque
280 2340 319 2406 ad
341 2360 409 2403 euru
431 2339 570 2404 delerte'.
602 2336 670 2403 llcc
685 2359 756 2401 casu
773 2338 873 2420 aquila
888 2350 1088 2404 conseruntur
1102 2341 1240 2406 omnibns

120 2445 233 2529 prinae
255 2443 392 2509 cohortis
410 2440 638 2508 centurionibus
659 2441 826 2505 intersectis
850 2450 970 2525 praeter
984 2442 1144 2525 principem
1161 2443 1241 2526 pric-

120 2566 195 2611 reru.
229 2544 350 2630 lataque
365 2542 541 2631 Pompeiani
565 2565 672 2629 usqua
687 2544 779 2609 caede
795 2555 968 2608 nostrornm
984 2545 1094 2608 castris
1111 2542 1240 2609 Marcel·
1252 2545 1298 2615 lib

120 2649 174 2714 liul
195 2648 474 2735 adpropinquabant
493 2668 554 2711 ucu
569 2648 713 2712 mediocri
729 2658 846 2712 terrore
862 2647 957 2711 inlato
973 2647 1095 2728 reliquis
1111 2648 1243 2713 cohorti-

58 2762 94 2818 bt
119 2750 193 2827 bus,
210 2763 244 2816 et
256 2750 304 2817 bt.
319 2750 492 2829 Antonius,
509 2750 558 2834 qui
575 2752 742 2835 proximum
759 2752 856 2815 locutu
873 2750 1089 2834 praesidiorum
1105 2750 1239 2828 tenebat,
1255 2750 1277 2813 2

120 2873 159 2917 ea
179 2874 216 2918 re
236 2854 371 2919 uuntiata
393 2874 461 2918 cuna
481 2853 655 2918 cobortibus
671 2864 721 2918 ΧΠ
743 2855 928 2919 descendens
947 2875 987 2918 ex
1004 2856 1070 2919 loco
1085 2855 1242 2940 superiore

120 2955 313 3021 cernebatur.
346 2952 446 3022 'Cuius
468 2957 618 3021 aduentus
641 2954 840 3042 Pompeianos
863 2959 1040 3042 compressit
1062 2969 1242 3042 nostrosque

120 3060 271 3137 firmauit,
291 3070 328 3125 st
346 3080 382 3125 se
395 3080 437 3125 ea
452 3059 586 3124 maximo
602 3060 708 3126 timore
723 3062 912 3146 colligerent.
943 3060 1052 3145 Neque
1068 3063 1160 3126 multo
1176 3072 1242 3147 post
1257 3060 1277 3124 3

120 3157 238 3226 Caesar
260 3163 482 3248 significatione
504 3183 559 3247 per
581 3164 704 3228 castella
726 3166 806 3228 turno
826 3166 923 3240 lacta,
947 3175 980 3227 ut
995 3175 1062 3227 erat
1076 3165 1241 3247 superioris

60 3274 95 3330 tt
119 3265 261 3349 temporis
275 3267 481 3343 cousuetudo,
498 3265 634 3330 deductis
649 3266 823 3349 quibusdam
840 3265 1012 3329 cohortibus
1029 3285 1070 3327 ex
1086 3264 1243 3347 praesidiis

120 3368 224 3432 eodem
245 3369 340 3433 uenit.
372 3365 433 3450 Qui
456 3369 578 3454 cognito
600 3368 779 3433 detrimento
794 3390 861 3431 curn
876 3366 1140 3431 animaduertisset
1154 3362 1278 3428 Pom-4

121 3471 219 3554 picus
242 3482 332 3536 extra
354 3470 537 3535 munitiones
558 3492 734 3557 egressum,
758 3482 791 3534 ut
814 3470 908 3534 libere
922 3468 1054 3554 pabulari
1070 3479 1171 3551 posset
1185 3488 1242 3531 nec

121 3572 222 3637 nicus
234 3573 346 3638 aditum
362 3573 490 3638 nauibus
506 3574 649 3652 baberet,
672 3583 854 3637 commutata
870 3572 987 3637 ratione
1003 3572 1085 3647 belli,
1102 3571 1242 3654 quoniam

121 3676 308 3761 propositum
325 3696 385 3741 non
401 3687 552 3754 tenuerat,
573 3687 673 3741 castra
688 3675 852 3741 secuudum
869 3697 951 3740 mare
966 3676 1052 3741 iuxta
1067 3672 1242 3759 Pompeium

62 3787 97 3839 tt)
119 3777 238 3841 munire
253 3778 353 3843 iussit.
372 3776 440 3861 Qua
458 3781 589 3864 preelecta
605 3780 770 3843 munitione
785 3780 1025 3843 animaduersum
1042 3790 1090 3842 est
1104 3799 1122 3841 a
1134 3799 1239 3863 specu·
1256 3777 1300 3846 bb

120 3878 266 3947 latoribus
276 3876 420 3947 Caesaris
433 3883 571 3947 cobortes
580 3882 733 3966 quasdam,
745 3884 821 3968 quod
832 3884 928 3947 instar
938 3883 1065 3967 legionis
1074 3882 1240 3959 uideretur,

232 4105 241 4157 l
259 4106 384 4159 resistere
398 4124 425 4159 o.
529 4110 545 4162 3
559 4109 685 4176 expositis
698 4127 714 4159 c
730 4111 802 4159 ‘mss
817 4107 891 4174 qdd!
995 4106 1242 4168 auersosll'cdrnuo,

120 4183 249 4235 aduersus
261 4185 339 4236 codd.
446 4187 615 4237 uostriabr.
722 4187 885 4238 ldeletcsa.
990 4182 1242 4238 bblarcellcscbc.

229 4262 244 4314 b
257 4277 291 4313 ex
304 4263 399 4314 castris
412 4278 478 4329 qnae
492 4262 613 4328 Heldim,
629 4279 661 4314 es
674 4263 821 4329 castrisque
834 4278 851 4311 u
861 4262 891 4321 b,·
904 4276 969 4327 quoe
983 4278 1014 4312 ex
1028 4262 1122 4313 eastris
1136 4276 1163 4311 a.

121 4336 283 4403 lugentesa.
403 4341 546 4409 conspicati
561 4342 585 4391 b.
708 4340 969 4406 Squcdeunqueta).
1077 4340 1243 4391 adebaturu.

231 4416 262 4468 lb
276 4417 363 4485 inquid
378 4432 405 4469 α.
513 4419 687 4483 tsncpnca.
803 4416 833 4468 lb
848 4416 945 4468 referte
960 4418 983 4467 b.
1111 4418 1245 4485 lbadprc·

120 4494 320 4561 pinquabanto.
426 4497 547 4548 inlatoc.
663 4493 887 4549 lllabulariub.
1005 4496 1244 4549 ttcanccseecn-

120 4574 180 4623 daur
194 4588 266 4625 mare
286 4576 330 4625 bc'c
343 4574 493 4640 colluruua',
512 4580 577 4644 poet
596 4590 728 4639 egressum
749 4576 805 4639 (et)
818 4579 924 4640 puniant
937 4573 1014 4625 codd.
1029 4576 1060 4626 Ρ.
1076 4576 1134 4626 lli.

118 4650 152 4702 30
165 4650 198 4701 ab
212 4668 249 4702 er
261 4666 316 4705 arro
329 4651 383 4704 det.
399 4666 425 4704 u.
552 4653 582 4705 bl
599 4650 746 4717 uideretur]
760 4653 861 4703 ualeret
873 4666 956 4718 euporo
970 4655 1099 4717 csertpm
1113 4668 1144 4701 ur
1156 4666 1181 4712 c,
1198 4663 1243 4699 nn-

119 4728 206 4780 lereut
220 4731 245 4780 b.
