2646 5124
527 622 672 692 caetu
693 623 842 693 tt-to.
1240 630 1305 699 725

122 810 172 869 cst
184 797 367 885 aliquandiu
380 797 660 875 uehementissime,
684 797 832 881 simulque
853 797 971 863 ballista
990 798 1084 863 misae
1099 821 1117 864 a
1133 803 1247 867 nostris

123 915 241 970 turrem
254 900 381 978 deiecit,
398 920 457 983 qun
471 900 727 979 aduersariorum,
744 901 795 984 qui
810 902 842 965 iu
857 921 893 965 aa
908 912 991 965 turre
1006 902 1134 981 inerant,
1160 904 1248 986 quiu-

120 1026 180 1091 que
188 1003 294 1071 deiecti
301 1012 373 1068 sunt
380 1013 413 1069 et
419 1022 505 1087 puer,
522 1002 573 1084 qui
584 1002 733 1069 bellistam
745 1005 853 1069 solitus
865 1015 928 1068 erst
941 1004 1113 1071 obseruare.
1139 1004 1246 1084 †Eius
1260 1006 1303 1077 14

123 1106 278 1194 praeteriti
293 1105 434 1191 temporis
449 1102 612 1189 Pompeios
627 1116 711 1171 trans
727 1107 836 1171 domeu
852 1106 973 1173 Salsum
997 1107 1151 1173 montium
1173 1130 1246 1173 oon·

84 1224 103 1273 5
126 1204 340 1294 stituit'ueque
361 1230 381 1273 a
402 1209 515 1275 uostris
538 1208 705 1293 prohibitus
726 1210 860 1292 falsaque
881 1209 932 1273 itta
948 1209 1087 1294 opinione
1101 1210 1247 1294 gloriatus

122 1324 185 1390 cst,
214 1312 292 1396 qood
312 1332 406 1396 prope
425 1311 459 1381 iu
482 1311 595 1377 uostris
618 1311 750 1400 partibus
772 1312 869 1376 locum
885 1313 1042 1378 tenuisset.
1074 1312 1151 1377 Item
1166 1313 1282 1379 ἱππ-2

120 1415 226 1498 quenti
240 1415 289 1479 die
303 1414 406 1481 eadem
420 1414 637 1481 cousuetudine
652 1415 721 1479 dum
737 1415 856 1498 longios
871 1415 1081 1499 prosequitur,
1106 1397 1248 1498 quo'tooo

124 1517 242 1599 equites
257 1517 353 1583 nostri
367 1518 526 1583 inuocem
542 1517 728 1594 habuerant,
751 1515 863 1599 eiiqoot
887 1527 1003 1580 tormsc
1025 1538 1092 1580 cum
1115 1517 1174 1582 leui
1196 1539 1245 1583 ar·

124 1628 263 1696 motura,
287 1619 400 1704 impetu
419 1620 498 1685 iacto
517 1619 586 1685 loeo
606 1630 679 1685 sunt
693 1619 800 1682 deiecti
816 1629 848 1683 et
863 1628 984 1702 propter
999 1620 1175 1702 paucitatem
1191 1639 1246 1682 uo·

67 1731 102 1784 to
125 1730 259 1785 suornm
273 1719 404 1805 equitum
418 1722 507 1787 sinui
522 1743 591 1787 cum
606 1722 667 1786 leui
688 1730 841 1785 armature
863 1721 944 1785 inter
966 1731 1080 1785 turmas
1102 1720 1245 1785 aduersa·
1289 1742 1301 1763 ⁴

122 1823 238 1888 riorum
253 1822 383 1905 protriti.
399 1820 467 1892 Hoc
474 1824 508 1889 iu
518 1834 680 1908 conspectu
690 1834 885 1905 utrorumque
895 1832 1062 1887 castrorum
1070 1822 1244 1905 gerebatur,
1260 1821 1281 1887 3

122 1934 153 1990 et
174 1922 477 2011 moiorePompdani
498 1926 676 1991 exultabant
696 1925 809 2010 gioria,
835 1925 952 2007 longius
967 1924 1045 2007 quod
1060 1925 1173 1989 uostris
1195 1946 1245 1989 cc-

122 2027 260 2093 dentibus
268 2028 410 2113 prosequi
419 2028 604 2115 coepissent.
621 2024 684 2110 Qui
695 2047 761 2093 conr
776 2027 874 2109 aliquo
889 2027 955 2091 loco
970 2046 988 2091 n
1004 2028 1118 2091 nustria
1130 2027 1244 2111 recepti
1260 2026 1282 2093 d

120 2142 234 2206 esseut,
250 2131 275 2213 ’ς
290 2140 324 2195 ot
339 2141 556 2207 consuessent,
580 2151 622 2194 cx
635 2128 727 2195 simili
742 2130 853 2195 uirtute
869 2129 1000 2195 clamore
1015 2130 1094 2193 tacto
1110 2130 1243 2194 cosmati

67 2241 98 2295 15
120 2243 191 2297 sunt
212 2232 360 2316 proelium
382 2233 495 2297 iecere
536 2230 615 2298 Fere
641 2232 718 2317 apud
739 2232 893 2297 exercitus
921 2231 996 2296 haec
1022 2242 1070 2296 cst
1091 2232 1243 2314 equestris
1258 2231 1300 2300 15

119 2334 228 2417 proelii
242 2335 447 2401 cousuetudoc
464 2356 531 2401 cum
546 2356 636 2419 eques
651 2335 688 2400 ad
703 2334 901 2399 dimicantium
917 2333 1054 2416 [dimisso
1070 2334 1160 2416 equo]
1176 2354 1245 2397 cum

122 2435 221 2520 pedite
236 2435 440 2519 congreditur,
458 2457 641 2521 nequequam
656 2458 712 2522 por
727 2437 863 2501 habetur.
895 2432 928 2497 ld
943 2434 1021 2517 qood
1037 2435 1069 2497 iu
1089 2433 1145 2497 boe
1166 2435 1245 2498 arei·

122 2537 168 2603 dit
181 2537 307 2620 proelio.
337 2537 414 2605 Cum
430 2539 545 2623 pedites
559 2540 619 2605 leui
633 2550 786 2605 armatura
801 2538 872 2602 lecti
893 2538 929 2602 ad
952 2558 1080 2620 pugnem
1096 2535 1245 2619 equitibus
1259 2535 1280 2599 2

119 2639 233 2704 uostris
248 2640 496 2725 necopinantibus
511 2643 685 2721 uenissent,
710 2643 799 2725 idque
819 2641 851 2707 in
875 2640 989 2725 proelio
1003 2638 1244 2704 animaduersum

67 2750 101 2805 tt
121 2752 213 2819 esset,
229 2744 396 2827 complures
412 2764 456 2809 cx
470 2746 555 2827 equis
571 2745 801 2811 descenderunt.
819 2742 865 2809 lta
881 2745 992 2829 exiguo
1008 2754 1142 2826 tempore
1153 2739 1280 2824 cquesd

119 2844 257 2927 pedestre
270 2846 377 2929 [podes
391 2848 548 2934 equestre]
564 2848 708 2930 proelium
724 2849 824 2913 iecere
839 2847 950 2934 coepit,
969 2867 1064 2930 usque
1078 2865 1114 2910 co
1130 2855 1159 2909 ut
1177 2863 1244 2909 cuc·

120 2945 187 3011 dem
202 2946 339 3031 proxime
352 2968 371 3015 a
385 2950 465 3017 uado
480 2948 619 3015 iecerint.
652 2946 687 3017 do
703 2972 762 3034 quo
778 2952 893 3036 proelio
907 2950 1150 3017 otomuriorom
1164 2948 1279 3015 ceci-i

119 3046 365 3130 dcruotcxxtu,
385 3051 612 3137 conpluresque
627 3055 720 3119 orasis
736 3056 834 3135 exuti,
851 3056 935 3122 muiti
947 3053 1121 3121 uulneribus
1133 3052 1244 3119 adiecti

117 3149 151 3215 ia
165 3162 265 3217 cestre
279 3162 352 3219 sunt
365 3153 492 3219 redacti.
520 3153 630 3223 Nostri
646 3157 818 3223 cecideruut
833 3170 888 3236 1113
909 3159 1002 3223 saucii
1017 3165 1068 3221 xit
1084 3156 1197 3238 pedites
1212 3165 1246 3219 et

67 3266 94 3319 tt
116 3253 234 3336 equites
249 3262 285 3317 V.
315 3253 393 3321 Eius
407 3256 468 3323 tici
480 3258 652 3343 iuseqtmi
667 3270 798 3345 tempore
814 3261 940 3344 pristine
955 3256 1172 3323 cousuetudine
1188 3276 1242 3339 pro
1256 3256 1276 3319 5

120 3377 209 3425 muro
222 3358 351 3442 pugnari
365 3370 502 3444 coeptam
515 3371 574 3429 est.
599 3358 677 3429 Cum
692 3362 770 3429 benc
784 3382 922 3449 respuam
935 3358 1153 3426 multitudinem
1169 3358 1243 3421 teio-
1257 3356 1280 3423 6

118 3478 187 3522 rum
201 3459 361 3544 ignesque
374 3463 488 3531 uostris
501 3464 728 3533 defendentibus
744 3465 938 3541 iniecissent,
962 3461 1123 3528 nefandum
1138 3459 1244 3523 orode·

118 3559 325 3650 lissimumquc
334 3564 450 3633 minas
456 3578 529 3635 sant
537 3568 678 3653 aggressi
692 3569 724 3633 io
738 3577 960 3651 conspectoque
977 3575 1082 3630 nostro
1097 3563 1243 3646 hospites,

119 3664 169 3746 qui
185 3664 216 3729 iu
232 3666 340 3750 oppido
352 3679 458 3749 erent,
480 3669 617 3757 iugulare
639 3682 671 3735 et
691 3670 729 3736 dc
744 3693 831 3736 moro
848 3670 1026 3755 praecipites
1042 3668 1160 3733 mittero
1174 3686 1243 3731 eoc-

67 3776 95 3829 to
118 3778 244 3850 perout,
270 3769 358 3837 siout
386 3770 464 3857 apud
491 3773 660 3852 inherens
691 3775 770 3858 quod
800 3786 867 3860 post
893 3773 1042 3839 boninum
1069 3772 1241 3837 memoriam

227 3925 458 3995 iudiqaaudiupc).
563 3932 924 3996 bedistuetdbalistomm).
1030 3930 1131 3983 desti.

118 3998 327 4069 ciuapreatcritt
339 4007 464 4074 temporis
475 4023 493 4059 o
506 4009 558 4071 te,
573 4026 605 4061 ao
619 4011 762 4076 praeterito
776 4018 892 4075 tempore
906 4027 932 4060 n.
947 4011 978 4061 Ρ.
992 4012 1035 4063 28.
1170 4006 1244 4055 55²¹·

117 4094 173 4131 tm·
189 4080 214 4131 b·
335 4085 484 4154 ‘sequenti
498 4089 523 4139 δ.
645 4089 768 4155 8uostri]
783 4090 809 4139 io
823 4089 887 4139 add.
901 4091 925 4138 d.
1048 4086 1063 4135 d
1077 4082 1172 4133 deiecti
1185 4097 1202 4131 a
1216 4082 1242 4143 d,

117 4159 239 4212 deiectae
251 4176 279 4213 s.
386 4165 552 4234 tto-etque
566 4170 591 4219 d.
698 4169 727 4221 ii
738 4168 842 4235 protriti
854 4182 881 4230 o,
891 4165 1024 4232 proterriti
1036 4163 1052 4211 d
1059 4180 1069 4224 ,·
1079 4161 1205 4227 protritae
1215 4176 1243 4211 u.

227 4240 260 4294 tn
272 4243 465 4299 exuinbanto.
572 4245 669 4309 gloria}
680 4245 765 4297 letitia
780 4244 804 4293 d.
912 4241 1064 4308 longiusque
1078 4240 1203 4293 nostrisa
1218 4241 1242 4292 d.

227 4318 259 4370 id
271 4330 415 4389 coeperunt
427 4325 453 4374 d.
566 4323 598 4375 ii
609 4322 629 4386 †
641 4330 670 4373 ut
682 4319 866 4386 consuessent]
879 4322 909 4372 Ρ.
917 4321 978 4374 2³5.
1085 4321 1116 4373 tt
1124 4320 1243 4388 [dimisso

117 4393 196 4460 equo]
211 4395 239 4447 tt
252 4397 314 4451 235.
429 4400 463 4453 id
475 4400 575 4466 proelio
589 4416 606 4450 o
620 4400 646 4463 t,
659 4398 803 4451 certamine
816 4415 844 4449 s.
951 4399 1003 4450 lesi
1016 4415 1033 4450 a
1047 4399 1070 4463 d,
1085 4414 1118 4451 cx
1131 4399 1183 4451 leui
1198 4399 1244 4448 At

117 4470 168 4522 dus
180 4487 208 4521 cs⁴
220 4472 252 4522 Ρ.
261 4474 305 4527 26.
410 4477 579 4543 Nitaquod.
684 4477 901 4544 ttpertesrreso.
1009 4474 1243 4546 [pedcsequestre]

115 4549 147 4603 Ρ·
160 4550 212 4602 235
226 4555 266 4603 t'tt·
374 4556 409 4609 23
421 4556 520 4609 adtacti
533 4573 560 4608 a.
664 4556 699 4611 ii
711 4557 815 4609 reducti
828 4559 854 4610 d.
960 4558 1134 4609 docrdccima.

115 4629 531 4693 emittentium.
642 4635 754 4689 tionis
766 4636 877 4704 pristin
888 4635 952 4689 odd.
967 4651 1012 4702 pro
1027 4637 1050 4685 t.
1158 4632 1243 4683 itte·

116 4703 200 4756 lorum
212 4720 266 4757 orn.
281 4707 306 4759 t.
411 4710 667 4778 ”cwpcmntonn
682 4713 706 4765 d.
