2646 5124
471 606 614 677 COMM.
631 607 664 675 ll
686 606 781 677 ctu.
798 610 927 678 7-to.
1239 618 1304 685 est

109 787 189 873 quod
205 794 327 849 tantum
341 780 531 847 multitudine
545 792 696 867 poterant,
712 781 750 845 alt
765 783 908 847 lateribus
924 798 1091 869 pugnantes
1100 808 1173 853 suos
1184 792 1245 855 eir-

109 888 287 955 eumueuire
310 894 448 971 possent.
488 881 555 947 lloo
577 886 657 951 laeto
672 886 785 949 duabus
803 886 987 970 legionibus,
1011 911 1086 973 quas
1103 894 1278 976 proximei't

112 993 358 1075 conscripserat,
382 988 415 1051 in
437 988 546 1051 eastris
561 989 689 1067 relictis,
708 1000 752 1065 ut,
778 989 804 1052 si
821 1012 879 1071 quo
896 1011 969 1073 opus
985 1004 1085 1073 esset,
1107 996 1241 1063 subsidio

112 1096 179 1161 duci
193 1104 344 1179 possent,
368 1092 501 1174 reliquas
517 1112 575 1155 sex
590 1090 725 1175 legiones
749 1112 802 1175 pro
819 1094 928 1155 castris
945 1094 975 1156 in
991 1095 1055 1158 acie
1071 1100 1238 1163 constituit.

87 1196 224 1263 tllostes
245 1196 322 1261 item
344 1215 417 1259 suas
440 1196 541 1278 copias
563 1214 605 1257 ex
627 1195 735 1258 eastris
752 1196 876 1258 eductas
894 1196 1114 1263 instruxerant.
1146 1198 1275 1273 Paluslt

112 1312 174 1367 erat
189 1322 252 1364 non
269 1320 381 1381 magua
396 1298 478 1361 inter
492 1308 627 1360 nostrum
643 1308 731 1381 atque
748 1297 877 1361 hostium
894 1302 1073 1363 exereitum.
1113 1300 1200 1365 llanc
1215 1306 1241 1367 si

113 1404 203 1468 nostri
219 1402 405 1477 transirent,
424 1399 527 1463 ltostes
543 1400 761 1485 expectabant3
779 1402 875 1464 nostri
892 1413 1004 1478 autem,
1022 1402 1048 1465 si
1064 1403 1101 1465 ab
1116 1404 1176 1468 illis
1186 1405 1242 1469 ini·

113 1506 182 1571 tium
198 1503 380 1569 transeundi
396 1504 494 1577 lieret,
511 1514 545 1567 ut
558 1504 716 1588 impeditos
732 1504 979 1588 adgrederentur,
996 1508 1092 1588 parati
1110 1507 1242 1571 inarmis

111 1622 209 1674 eraut.
246 1606 375 1675 Interim
396 1605 511 1691 proelio
532 1606 664 1689 equestri
687 1606 767 1669 iuter
788 1607 861 1670 duas
886 1608 967 1669 acies
991 1608 1277 1673 contendebatur.2

73 1720 95 1773 tt
111 1708 172 1777 Vlti
187 1712 287 1775 neutri
309 1710 488 1776 transeundi
504 1708 618 1771 initium
636 1709 760 1787 laeiunt,
784 1709 961 1772 secundiore
977 1710 1107 1796 equitum
1126 1710 1241 1796 proelio

114 1814 229 1878 nostris
243 1810 362 1879 Caesar
376 1834 450 1879 suos
466 1812 497 1875 in
513 1821 613 1874 castra
629 1812 762 1874 reduxit..
787 1808 901 1873 Hostes
917 1814 1050 1895 protinus
1067 1834 1106 1876 en
1124 1834 1160 1877 eo
1172 1810 1275 1877 luced

113 1918 149 1981 ad
162 1918 272 1981 llnmen
287 1920 432 1981 Axonam
447 1915 678 1994 contenderunt,
695 1914 772 1996 quod
789 1934 857 1976 esse
873 1924 938 1996 post
953 1926 1055 1979 nostra
1071 1927 1171 1980 eastra
1186 1916 1239 1979 de-

112 2029 311 2085 monstratum
326 2030 387 2083 est.
411 2016 457 2083 lli
473 2017 556 2081 uadis
572 2018 700 2101 repertis
716 2026 830 2100 partem
846 2018 1126 2101 suarumcopiarurn
1136 2016 1274 2083 trade-4

112 2142 180 2185 cere
195 2122 301 2185 conati
314 2132 403 2199 suut,
420 2142 457 2185 eo
473 2120 618 2193 consilio,
636 2129 687 2195 ut,
704 2120 730 2181 si
746 2130 888 2202 possent,
905 2120 1070 2195 castellum,
1088 2122 1135 2184 eui
1151 2142 1238 2205 prae·

71 2230 94 2285 tt
113 2234 181 2287 erat
203 2220 340 2303 Quintus
354 2222 491 2287 Titurius
507 2224 642 2307 legatus,
660 2232 869 2304 expugnarent
884 2233 1061 2305 pontemque
1078 2224 1238 2287 interscin-

115 2326 248 2401 decent,
274 2324 412 2387 siminus
430 2326 614 2411 potuissent,
638 2344 729 2406 agros
745 2322 907 2386 llemorum
931 2326 1163 2407 popularentur,
1187 2322 1273 2405 qui5

114 2448 229 2511 magno
246 2425 334 2491 uoltis
349 2426 413 2491 usui
425 2430 461 2493 ad
476 2426 584 2491 bellum
595 2427 757 2510 gerendum
768 2438 864 2503 erant,
883 2434 1239 2508 commeatuqueuostroa

114 2530 347 2614 prohiberenttt
367 2526 487 2595 Caeacr
507 2530 620 2595 certior
637 2532 733 2593 laetus
749 2530 786 2593 ab
802 2528 924 2593 Titurio
941 2550 1058 2592 omrrem
1075 2528 1238 2613 capuitatum
1253 2528 1297 2597 lt)

115 2642 145 2696 et
157 2633 236 2697 leuis
252 2630 593 2711 armaturaeNumidas,
612 2633 776 2697 funditores
792 2633 1025 2717 sagittariosque
1042 2641 1160 2714 pontem
1177 2640 1239 2691 tra-

75 2734 194 2799 ttdueit
215 2746 307 2819 atque
333 2735 371 2799 ad
393 2756 446 2799 eos
468 2737 632 2799 contendit.
670 2736 796 2799 Acriter
818 2735 848 2797 iu
864 2756 900 2798 eo
917 2736 983 2797 loeo
999 2744 1162 2817 pugnatum
1179 2730 1276 2797 eset

115 2834 226 2901 lloates
240 2838 392 2922 inpeditos
408 2838 503 2901 nostri
519 2839 550 2901 iu
566 2838 687 2901 llumine
702 2838 838 2921 adgressi
855 2858 993 2920 magnum
1017 2858 1120 2899 eorum
1136 2854 1240 2899 nume·

117 2958 179 3002 rum
195 2940 390 3003 occiderunt:
417 2960 471 3024 per
485 2960 588 3005 eorum
604 2962 731 3026 corpora
747 2941 878 3023 reliquos
893 2940 1090 3003 audacissime
1107 2938 1238 3001 transire
1254 2934 1275 2999 3

118 3052 258 3107 conantes
273 3041 468 3106 multitudine
484 3044 610 3107 telorum
625 3044 817 3126 repuleruut3
835 3046 957 3126 primos,
975 3043 1023 3124 qni
1039 3042 1237 3117 transierant,

121 3146 248 3231 equitatu
263 3144 488 3208 circumuentos
502 3146 733 3209 interfecerunt.
759 3144 871 3208 llostes
886 3147 936 3209 ubi
953 3158 984 3208 et
995 3148 1030 3207 de
1040 3142 1241 3227 expugnando
1255 3138 1276 3201 4

86 3249 219 3333 ttoppido
242 3258 276 3313 et
297 3247 335 3311 de
356 3246 476 3312 llumiue
498 3250 683 3313 transeundo
706 3268 789 3331 spem
809 3268 843 3311 sc
864 3248 1009 3311 fefellisse
1024 3246 1244 3310 intellexeruut

229 3448 242 3501 l
255 3448 308 3513 at,
321 3466 374 3501 aon
388 3465 420 3515 a,
434 3450 508 3501 ‘mre
522 3449 658 3503 melioree’
670 3451 696 3501 n
705 3448 754 3515 Es
762 3452 790 3499 et
802 3464 861 3499 enm
871 3452 976 3513 porreto
988 3446 1038 3496 act
1050 3445 1065 3495 lt
1078 3448 1111 3495 B.

127 3524 141 3575 3
155 3526 176 3577 ιί
187 3527 259 3593 qued
274 3528 305 3593 t,
324 3530 346 3581 ιί
360 3546 410 3597 qua
424 3546 484 3579 eram
497 3546 550 3581 uno
571 3532 665 3581 Pelen.
681 3546 708 3581 ιι.
856 3530 870 3579 5
884 3528 1012 3577 adductas
1023 3526 1060 3576 Ι).
1205 3518 1245 3569 lu·

131 3610 286 3657 atreeserant
297 3606 331 3657 A.
471 3609 563 3673 paulus
581 3612 760 3672 cumpuncta
779 3607 829 3656 end
848 3606 909 3656 ull.
1051 3594 1209 3663 duostrum]
1227 3612 1243 3647 ιι

131 3688 218 3743 nnete
234 3688 379 3750 anppeelto
399 3688 426 3735 et
443 3700 468 3735 ιιι
486 3689 676 3752 suprascripta
694 3702 730 3735 ιιι.
750 3702 794 3751 pr.
808 3687 842 3735 B.
990 3680 1192 3750 lexpectebant
1207 3678 1241 3728 B.

224 3760 465 3825 Badgredereetur
476 3761 532 3812 AB
543 3762 595 3827 Cs.
736 3763 768 3813 10
783 3761 877 3811 nostris
892 3762 1006 3827 equitum
1019 3760 1119 3826 proelio
1134 3756 1166 3818 t,
1181 3755 1254 3820 equi·

134 3838 174 3885 lta
194 3844 345 3888 uestrorum
366 3838 464 3904 proelio
483 3838 519 3888 B.
543 3837 629 3889 eodo.
649 3838 811 3888 Aeduintrt'i
836 3839 949 3903 equitum
974 3837 1072 3904 proelio
1095 3833 1177 3885 nostri
1197 3831 1244 3881 lta-

136 3910 339 3980 ltretlt'enntarr5
359 3916 407 3965 aed
425 3920 453 3965 ιἰι
466 3916 490 3966 B
502 3916 600 3967 nostris
621 3916 677 3980 legi
695 3917 933 3983 diaercheperlt't‘
950 3919 1104 3965 testimonio
1124 3914 1241 3962 constat.

222 3992 258 4047 12
270 4007 333 4044 ease
346 3993 423 4042 etiarn
438 3999 496 4059 post
507 3991 533 4043 F
533 3992 691 4043 lodoci-dur.
803 3992 834 4044 1³
847 3992 979 4057 copiarum
994 4006 1098 4041 suarum
1112 3987 1242 4039 Flodoor-

137 4060 180 4147 {¹¹-
318 4070 491 4121 transducere
497 4071 523 4136 s
529 4070 712 4121 Flndourdus.
840 4073 870 4124 ts
884 4072 997 4136 Quintus
1009 4073 1048 4133 B,
1064 4070 1096 4134 Q.
1111 4084 1139 4117 ιι.

138 4144 308 4197 lttersltlerent
326 4146 370 4212 D,
396 4146 586 4197 interciderent
608 4146 779 4198 Flodocrdns
805 4146 964 4210 Colnenarr‘,
998 4143 1047 4194 aed
1071 4142 1245 4194 interscinde·

139 4226 181 4269 tert
190 4222 265 4274 codd.
280 4226 352 4273 etur.
475 4224 506 4275 tt
520 4230 730 4288 commeatusque
744 4230 847 4273 nostros
861 4222 1027 4273 sustinebant
1039 4220 1126 4271 Aldus
1139 4223 1166 4268 ct
1178 4217 1243 4267 tto-

140 4292 246 4354 mre.
355 4301 389 4353 ts
401 4300 503 4353 Caesar
512 4308 577 4368 port
588 4303 687 4353 certior
698 4315 782 4366 snpra
796 4316 866 4351 nera.
881 4300 944 4351 add.
951 4300 987 4365 s,
1004 4305 1068 4363 post
1080 4296 1184 4348 Titurio
1194 4310 1244 4360 po·

140 4380 254 4431 eratne
262 4380 293 4439 t,
312 4378 364 4429 ulti
373 4382 403 4429 a'n
417 4379 441 4430 C
452 4380 603 4431 Arionlstns
616 4380 736 4444 tegitcr5
754 4394 807 4429 om.
821 4379 939 4444 reliqui,
959 4381 1043 4427 etiem
1055 4374 1243 4432 Flcdoordns,

141 4454 275 4507 atrones
286 4456 393 4522 refert,
405 4457 455 4508 ced
466 4458 542 4523 opud
554 4458 733 4511 Colueaernm
745 4462 879 4523 cereptum
891 4461 933 4506 eat
944 4456 1045 4506 Caesar
1056 4454 1162 4504 certior.

140 4526 247 4599 alm)
256 4536 330 4599 01),
343 4550 358 4585 a
372 4535 434 4586 edd.
447 4541 510 4587 ante
523 4552 550 4587 ιι.
670 4551 769 4587 emnem
782 4537 941 4602 aequitatem
954 4532 1136 4587 l'lodoerdua.

141 4604 163 4657 2l
174 4610 298 4679 inpeditus
310 4615 345 4666 tt.
477 4614 595 4679 adgressi
607 4614 693 4680 Aes.
832 4614 866 4668 23
879 4610 1003 4677 telorum]
1017 4618 1045 4661 et
1056 4604 1167 4659 audacia
1179 4602 1243 4653 edd.

142 4680 303 4741 Platonem.
412 4692 582 4757 reppulerunt
594 4692 627 4741 B.
732 4690 880 4757 primosque
893 4688 936 4755 qni
951 4688 975 4737 t.
1081 4679 1226 4735 ttaetss.
