2646 5124
431 120 571 187 tlttttlt.
592 120 632 185 lll
660 124 752 189 (lae.
775 125 922 190 tb--2t
1235 133 1297 196 3⁶23

95 312 173 362 eum
194 296 386 381 intellegeret
403 297 432 358 in
451 297 487 358 iis
504 296 577 359 loeis
594 298 650 359 sibi
668 298 775 361 bellum
792 298 966 379 gerendum,
985 298 1032 360 ubi
1050 300 1152 382 qiarrcis
1170 314 1241 366 arne

98 404 194 466 anuis
212 398 332 463 Lucius
348 397 489 463 Valerius
505 396 711 463 Praeconinus
735 401 851 485 legatus
875 401 1011 463 exercitu
1036 402 1121 485 pulso
1144 406 1241 468 inter-

100 504 204 569 lectus
221 512 326 580 esset,
350 511 441 584 atque
466 502 544 566 uude
567 500 683 565 Lucius
698 500 820 565 llallius
844 504 1002 587 proconsul
1018 504 1239 587 impedimentis

102 605 226 671 amissis
244 605 449 689 profugisset,
474 626 533 667 uon
554 606 733 669 mediocrem
757 607 814 668 sibi
839 606 1021 691 diligentiam
1043 608 1238 672 adhibendam

74 708 322 795 tintellegebat.
360 704 467 790 ltaque
482 729 515 771 re
532 708 724 769 frumentaria
742 708 882 791 prouisa,
906 710 1029 771 auxiliis
1052 711 1279 794 equitatuque2

106 822 289 897 conparato,
308 809 410 873 multis
427 810 668 893 praetcreauiris
686 811 810 872 lontibus
820 810 934 873 Tolosa
948 808 1145 889 etNarbone‚
1163 836 1241 896 quae

107 926 175 979 suut
189 914 339 977 ciuitates
355 910 474 976 Galliae
491 914 664 997 prouinciae
681 913 825 975 finitimae
841 914 886 976 bis
904 914 1088 997 regionibus,
1108 917 1243 979 uonriua-

109 1019 157 1081 lim
173 1016 318 1079 euocatis
334 1016 366 1078 iu
385 1013 554 1079 Sontiatuur
572 1017 646 1078 dares
663 1017 829 1078 exercitum
854 1017 1034 1079 introduxit.
1082 1016 1176 1081 Cuius
1192 1017 1243 1081 ad·
1259 1018 1279 1082 3

111 1130 200 1183 uentu
215 1117 345 1203 cognito
354 1114 510 1181 Sontiates
526 1119 640 1203 maguis
653 1119 746 1202 copiis
756 1120 868 1181 coactis
885 1120 1088 1203 equitatuque,
1106 1142 1164 1203 quo
1180 1122 1244 1205 plu-

71 1228 99 1282 tt
112 1221 216 1285 dmum
233 1222 393 1298 delebant,
411 1222 442 1284 in
458 1222 566 1285 itinere
582 1243 688 1305 agmen
706 1232 840 1283 nostrum
857 1222 952 1284 adorti
969 1224 1244 1307 primumeqnestre

116 1324 259 1408 proelium
276 1324 513 1402 commiserunt,
538 1326 645 1388 deinde
661 1328 791 1407 equitatu
808 1346 862 1387 suo
879 1325 962 1407 pulso
978 1337 1068 1408 atque
1086 1326 1280 1409 insequere-4

117 1424 192 1490 tibus
208 1426 325 1491 uostris
340 1426 441 1489 subito
457 1428 611 1511 pedestres
628 1428 748 1511 copias,
773 1448 847 1509 quas
868 1427 896 1488 io
920 1428 1058 1491 conualle
1080 1428 1110 1490 iu
1127 1430 1243 1491 insidiis

116 1530 367 1605 tantumdemst,
384 1530 593 1593 ostenderunt.
634 1529 670 1591 lli
688 1540 809 1593 nostros
826 1530 968 1594 disiectos
984 1532 1081 1593 adorti
1098 1530 1243 1615 proelium

116 1642 317 1695 renouat-unt.
348 1628 517 1718 Pugnatum
541 1643 588 1695 est
611 1632 660 1695 diu
681 1644 772 1715 atque
788 1633 915 1711 acriter,
941 1657 1007 1696 curn
1024 1631 1179 1698 Sontiates
1196 1654 1245 1697 su·
1260 1632 1302 1701 21

76 1740 101 1791 tt
116 1733 290 1817 perioribus
305 1734 439 1799 uictoriis
463 1736 531 1799 lreti
555 1734 585 1797 in
609 1756 662 1797 sua
687 1736 797 1798 uirtute
814 1736 904 1799 totins
920 1736 1100 1818 Aquitaniae
1116 1737 1242 1799 salntem

122 1836 253 1919 positam
270 1846 417 1919 putarent,
436 1838 532 1901 nostri
549 1848 669 1915 autem,
688 1838 757 1919 quid
773 1838 838 1901 siue
855 1839 1034 1921 imperatore
1050 1849 1080 1900 et
1095 1837 1160 1901 sine
1177 1837 1246 1900 reli-

79 2008 82 2013 ,
123 1937 192 2019 quis
217 1936 382 2023 legionibus
402 1941 625 2004 adulescentulo
650 1941 724 2003 duce
747 1941 863 2004 elicere
880 1951 1021 2023 possent,
1049 1940 1177 2023 perspici
1195 1962 1246 2002 cu-

122 2050 251 2125 perent:
270 2044 383 2107 taudem
400 2044 529 2107 conlecti
547 2042 720 2107 uulneribus
737 2043 837 2106 lrostes
855 2055 941 2127 terga
954 2054 1087 2106 uertere.
1112 2039 1245 2122 Quorum
1261 2044 1284 2107 2

119 2164 231 2229 magno
255 2164 380 2209 numero
404 2146 564 2211 interiecto
581 2144 713 2210 Crassus
737 2168 775 2209 ea
800 2148 907 2209 itinere
924 2146 1060 2230 oppidum
1077 2142 1248 2209 Sontiatum

81 2250 294 2331 tteppuguare
309 2248 419 2333 coepit.
466 2246 582 2331 Quibus
607 2250 726 2314 lortiter
741 2250 951 2313 resistentibus
969 2250 1074 2313 uineas
1091 2260 1248 2331 turresque

123 2350 193 2434 egit.
226 2348 275 2414 llli
299 2351 375 2414 alias
398 2354 553 2435 eruptione
570 2363 723 2438 temptata,
741 2353 816 2415 alias
833 2352 976 2415 canticulis
993 2354 1029 2416 ad
1045 2374 1185 2439 aggerem
1203 2350 1283 2415 ui-:t

122 2472 254 2537 reasque
269 2454 360 2533 actis,
377 2454 463 2519 cuius
478 2456 523 2519 rei
539 2466 610 2519 suut
624 2456 713 2542 longe
731 2456 902 2540 peritissimi
913 2454 1069 2539 Aquitani,
1088 2466 1247 2541 propterea

121 2554 196 2638 quod
211 2554 316 2619 multis
340 2556 418 2621 locis
439 2559 515 2642 apud
532 2578 585 2622 eos
601 2560 736 2624 aerariae
751 2562 774 2643 ᾖ
790 2571 985 2643 secturaeque
999 2572 1089 2640 suut,
1114 2560 1164 2623 ubi
1181 2559 1247 2623 dili·

230 2738 243 2789 l
259 2738 287 2789 in
301 2738 357 2789 illis
369 2740 435 2792 locls
448 2756 463 2791 e
467 2743 503 2809 s,
518 2743 543 2792 in
558 2743 598 2792 bis
610 2742 676 2793 loeis
690 2743 791 2807 reliqui
803 2743 879 2793 codd.
895 2748 923 2791 et
935 2758 961 2793 n.
1120 2742 1247 2794 blaseius

123 2816 409 2885 Asus,1‚.(s)u.
512 2821 643 2873 l'ariusc.
741 2820 1249 2883 PraeeoniousA(b)DE‚·l’.couinus

124 2894 174 2959 es,
189 2893 220 2945 Ρ.
234 2897 380 2947 communis
395 2898 420 2948 b.
526 2898 640 2964 legatus]
655 2898 784 2962 legiouuru
799 2900 823 2948 b.
929 2902 944 2947 ³
958 2897 1055 2947 Lucius
1069 2898 1094 2947 A
1100 2899 1124 2943 B
1135 2895 1187 2944 llll
1194 2932 1201 2957 ‚
1217 2894 1247 2944 t.

119 2972 184 3037 ,Νὴ
195 2976 261 3037 post
272 2988 369 3023 eumen
380 2978 462 3039 pontt
472 2990 594 3043 aaapruae.
609 2977 666 3025 litt.
682 2976 731 3039 ba)
744 2991 772 3024 a.
877 2972 983 3024 blullius
998 2974 1053 3024 Au
1063 2972 1085 3023 C
1089 2972 1115 3023 Β
1124 2971 1148 3021 Β
1154 2989 1163 3033 ,·
1178 2969 1250 3021 blun-

126 3048 175 3097 lias
187 3048 249 3114 aas,
263 3046 387 3101 blasilius
401 3067 424 3101 e.
573 3053 712 3118 proconsul
725 3052 772 3115 (Β)
777 3051 812 3117 f,
829 3051 981 3117 praeconsul
996 3050 1032 3109 Β,
1048 3064 1169 3115 procons.
1184 3049 1249 3101 Ac.

235 3128 394 3183 dammissis
406 3133 440 3181 Β.
545 3134 560 3182 5
574 3134 767 3197 equitatumque
782 3146 817 3179 m.
830 3146 873 3195 pr.
888 3132 923 3181 B.
1032 3130 1202 3194 tieoupurato
1214 3129 1248 3179 Β.

235 3202 332 3257 Tolosa
344 3208 386 3259 A:
400 3208 550 3259 Carcasone
563 3208 626 3259 add.
643 3208 737 3274 bedf
743 3210 799 3273 (bic
811 3207 976 3271 Ciceasoue).
990 3207 1022 3257 P.
1038 3206 1081 3257 ot.
1185 3204 1250 3256 Nur-

127 3278 207 3333 beaae
220 3280 295 3344 AB,
316 3280 440 3335 Narbona
459 3286 508 3351 bs.
533 3285 564 3337 ln
583 3301 673 3351 marg.
688 3285 712 3337 Β
728 3301 782 3334 aer.
803 3300 839 3334 an.
855 3287 968 3351 scripsit
981 3282 1095 3347 Tolosa,
1116 3280 1248 3345 Narbona,

128 3372 232 3423 quornm
244 3359 351 3411 ciuitat.
457 3362 472 3413 7
484 3362 610 3413 finitimae
624 3360 726 3413 Galliae
739 3378 813 3429 prou.
821 3361 851 3427 f.
955 3362 996 3411 bis
1010 3361 1159 3423 regionibus
1174 3360 1250 3411 Ciue-

130 3444 235 3505 eeataaa,
251 3454 286 3491 ex
299 3440 339 3491 lais
352 3442 504 3505 regionibus
517 3442 595 3493 codd.
609 3443 639 3493 Ρ.
654 3443 698 3495 70.
816 3444 833 3493 8
846 3441 992 3493 Sontiaturu
1004 3442 1060 3491 AB
1070 3441 1124 3492 ΟΒ
1133 3441 1172 3493 Β.
1186 3439 1251 3489 Sou-

131 3514 225 3568 tiatium
232 3518 271 3583 J,
287 3516 426 3569 Sotiatium
440 3535 463 3570 e.
484 3518 600 3570 Sotiates
615 3519 707 3571 Oresti
717 3518 958 3584 lungobardiam,
974 3518 1092 3570 Suriates
1104 3532 1227 3581 superse.
1243 3524 1252 3565 t

128 3592 274 3647 Partanaa‘s.
380 3596 628 3649 OSouciutesDE.
744 3598 776 3649 10
790 3598 815 3647 in
829 3612 882 3647 ona.
898 3598 923 3647 b.
1060 3603 1250 3659 nostrumaup.

128 3686 194 3723 aare.
207 3688 265 3724 aee.
279 3686 317 3723 nr.
332 3672 365 3724 B.
454 3674 698 3727 llcommisseruut
709 3674 743 3725 Β.
826 3673 1038 3739 llpedestriss.
1147 3673 1252 3723 lbeon·

129 3746 280 3801 leeaaeraut
293 3748 327 3799 Β.
448 3750 467 3801 ii
481 3759 585 3802 nostros
598 3750 630 3801 Β.
774 3750 954 3803 resonantes
967 3750 1005 3813 E,
1022 3750 1140 3801 Suriates
1153 3750 1188 3809 Β,
1205 3748 1252 3799 So·

130 3822 207 3877 tlarea
220 3840 295 3877 eon.
310 3829 339 3875 a'n
354 3828 471 3893 tiareas.
609 3829 639 3881 lb
655 3826 748 3893 nostri]
763 3832 966 3893 uaraprnpoar'ta
979 3828 987 3877 i
1000 3844 1036 3877 m.
1048 3844 1094 3893 pr.
1110 3828 1142 3878 Β.

132 3900 159 3952 ll
170 3902 373 3955 adulescentulo
394 3904 461 3955 duee
480 3920 533 3955 um.
546 3906 572 3972 s
583 3905 801 3971 (adulescentulo
821 3908 846 3955 Β
853 3906 911 3956 ΒΕ
929 3911 956 3955 et
975 3922 1035 3955 curn
1049 3922 1062 3956 o
1076 3922 1186 3970 auperu
1201 3903 1251 3965 A).

238 3980 271 4033 18
285 3980 387 4031 taudem
394 3982 429 4046 s,
445 3987 532 4033 tamen
545 3982 656 4048 rala'qaar'.
761 3990 898 4033 uerterunt
909 3983 924 4031 b
935 3982 983 4047 es.
1101 3982 1132 4033 19
1147 3982 1256 4031 Soucia-

131 4062 180 4109 tam
194 4058 234 4121 Β,
250 4058 407 4111 Soutiatiuru
420 4061 481 4128 (aed
488 4064 570 4127 prius
584 4060 603 4111 ti
616 4062 667 4111 int.
683 4058 807 4127 uers.)s.
929 4060 963 4114 22
974 4056 1098 4125 Equituui
1111 4074 1147 4109 an.
1160 4072 1205 4123 pr.
1221 4056 1253 4105 B.

226 4138 261 4193 23
274 4140 409 4205 aerariis.
497 4146 671 4206 secturaeque
684 4138 770 4190 ABG
783 4155 797 4188 e
809 4144 837 4189 et
845 4138 987 4205 plerique,
1007 4149 1168 4199 securaequo
1181 4132 1252 4193 ΒΕ,

132 4220 370 4286 aeaeearaequef:
385 4226 507 4271 secturae
521 4235 548 4269 u.
574 4218 648 4270 Mili
659 4216 832 4268 scribendum
846 4216 957 4267 reddetur
971 4214 1159 4275 ferrariueque.

1019 4312 1084 4375 21·
