2646 5124
497 571 820 637 ...124-

92 749 168 835 quod
185 747 341 825 edebatur,
358 746 488 831 speciem
500 744 677 831 praebuisse
687 742 810 819 dicitur,
826 762 864 807 eo
875 740 1012 827 epicteto
1026 740 1106 807 uilril
1119 762 1212 807 eam

90 874 192 917 rerum
207 851 391 928 continetur,
408 868 485 933 quae
500 858 590 913 antea
605 855 859 935 commemoratae
866 854 951 924 sunt,
967 864 1009 911 ne
1023 844 1144 911 laetitia
1157 845 1211 931 qni·

92 956 171 1019 dem.
218 950 464 1038 spectatissimus
487 960 587 1015 autem
611 950 776 1035 triumphus
797 948 925 1013 solemni
948 946 1210 1033 uocabuloitip

90 1057 270 1141 appellatur,
287 1055 371 1119 cuius
388 1056 436 1119 hic
451 1055 614 1121 similitudo
629 1055 818 1131 declaratur,
841 1052 894 1137 qrri
901 1061 939 1117 ut
952 1050 1210 1141 magnificentiam

91 1158 191 1223 studio
206 1168 295 1241 atque
312 1159 479 1242 frequentia
496 1158 646 1221 hominum
661 1156 842 1221 celebratur.

179 1257 217 1325 C.
236 1259 297 1337 52,
321 1260 579 1325 stamineam.
597 1260 770 1345 legunturc·
788 1254 880 1323 ‘Nom
895 1252 935 1323 C.
953 1254 1069 1337 Curio,
1087 1256 1209 1323 urta·
1249 1212 1258 1343 i

91 1360 198 1447 plebis,
217 1384 283 1427 cnm
297 1358 440 1428 Caesaris
455 1383 576 1428 causum
591 1362 825 1449 dignitatemque
839 1359 1060 1451 defendendam
1073 1358 1209 1445 suscep&-
1248 1342 1258 1443 ζ

93 1474 152 1543 set,
170 1486 261 1549 saepe
277 1476 340 1529 erat
357 1468 474 1531 senatui
490 1465 650 1551 pollicitus,
667 1466 695 1529 si
710 1484 798 1549 quem
813 1463 903 1529 timor
916 1484 1072 1529 armorum
1080 1460 1209 1529 Caenia
1252 1518 1258 1547 .,

93 1567 238 1647 laederet,
261 1579 292 1631 et
306 1570 445 1651 qnoniam
461 1566 597 1653 Pompeii
611 1568 774 1633 dominatio
788 1578 878 1652 atquo
891 1587 976 1633 arma
991 1588 1055 1631 non
1070 1564 1208 1631 minin
1253 1550 1258 1561 ¹

94 1681 243 1735 terrorem
259 1673 325 1735 loro
341 1671 505 1749 inferrent,
524 1672 692 1737 discederet
705 1682 833 1754 uterque
847 1670 885 1737 ab
900 1668 993 1735 ermis
1008 1668 1210 1751 exereitum
1255 1698 1258 1763 j

95 1774 276 1839 dimitterem
296 1774 361 1837 iore
376 1795 413 1839 eo
429 1776 508 1839 iacto
523 1774 649 1839 liberam
665 1774 700 1839 el
711 1774 759 1839 sui
774 1774 848 1839 iuris
858 1772 1035 1839 ciuitatcm'.¹
1057 1768 1121 1837 llio
1134 1788 1209 1865 quot·
1254 1766 1258 1845 i

94 1876 174 1941 renti
190 1874 251 1939 Th.
271 1872 422 1952 Bentleio,
439 1876 509 1959 qnid
524 1878 644 1941 tandem
659 1876 810 1961 pollicitos
824 1886 910 1943 esset
925 1870 1044 1955 Curio,
1060 1870 1210 1941 (ttul-
1254 1852 1258 1953 l

96 1977 251 2063 respondit
271 1978 335 2041 lore
358 1999 395 2043 eo
418 1981 498 2043 lacto
518 1979 644 2045 liberam
659 1978 825 2045 ciuitatem.
871 1976 905 2043 ld
920 1998 996 2043 nero
1010 1977 1117 2063 inopte
1130 1970 1211 2045 Clt'u
1256 1976 1258 2009 ³

95 2080 245 2165 pollicitos
261 2080 425 2157 diceretur,
450 2083 527 2166 qood
550 2093 604 2147 ant
623 2102 658 2147 re
673 2083 739 2167 ipsa
754 2092 933 2147 euenturum
946 2081 1079 2165 quinum
1093 2076 1211 2155 uastat
1252 2062 1258 2147 ’ἓ

97 2193 170 2263 ont,
193 2183 220 2247 si
240 2184 332 2247 etiam
354 2185 484 2250 dimissis
507 2181 676 2251 aCaesere
699 2182 886 2270 et-l'onpeio
901 2182 1094 2249 exercitibus
1107 2180 1213 2275 dnh¹
1256 2228 1258 2233 -

97 2307 165 2351 esse
188 2296 310 2371 posset,
335 2310 395 2351 non
419 2289 572 2374 polliceri,
596 2289 650 2352 sed
672 2288 826 2353 offirmare
846 2296 900 2352 aut
924 2286 1213 2373 spnden-potant

98 2387 177 2472 Quid
193 2386 289 2455 Curio
306 2391 455 2474 pollicitus
478 2394 537 2470 sit,
561 2391 718 2475 sequentia
734 2393 862 2455 doceot=
889 2398 1006 2474 ‘neque
1028 2390 1088 2453 lroc
1111 2399 1216 2453 tantu

98 2494 248 2578 pollicitos
264 2506 321 2572 ost,
340 2496 393 2559 sed
409 2497 499 2560 etiam
516 2517 570 2579 per
578 2518 611 2559 se
627 2495 842 2559 discessionem
858 2494 959 2557 lacere
973 2493 1098 2577 coepit,
1115 2492 1217 2557 disent-

98 2598 212 2661 sionem
230 2599 307 2661 euim
325 2597 362 2661 de
378 2619 413 2661 ea
429 2608 542 2661 tautum
559 2620 593 2663 re
610 2601 710 2662 lacero
727 2607 855 2681 poteret,
871 2608 906 2659 ut
920 2606 952 2661 et
960 2592 1080 2660 Caesar
1095 2607 1128 2660 ct
1141 2593 1218 2659 Pon·

98 2700 182 2783 peius
198 2700 234 2763 ab
250 2701 340 2763 armis
357 2701 558 2765 discederent.
604 2699 710 2783 ltaque
734 2720 770 2764 ea
792 2697 903 2775 uerba,
928 2719 1006 2783 quae
1027 2699 1116 2762 initio
1131 2696 1218 2783 posui,

100 2813 238 2866 accurate
255 2804 296 2865 ita
312 2814 399 2866 crant
415 2805 616 2868 enuntiandae
639 2800 691 2866 ‘C.
710 2800 805 2866 Curio
819 2820 910 2885 saepe
925 2813 991 2865 erat
1005 2802 1131 2867 senatui
1146 2799 1222 2891 polli-

99 2904 197 2978 citus,
224 2906 250 2967 si
266 2903 427 2987 l'ompoius
451 2906 604 2970 exercitus
620 2906 804 2983 dimitteret,
827 2906 905 2969 idem
923 2901 1089 2970 Caesarem
1104 2925 1174 2969 esse
1187 2903 1224 2967 ia·

101 3008 242 3069 ctnrum'.
276 3004 336 3069 Sed
352 3007 519 3071 interiectis
535 3009 709 3091 quibusdam
725 3007 826 3073 uerbis
843 3008 940 3073 oratio
954 3009 992 3071 ad
1008 3008 1156 3073 iussiuanr
1172 3010 1225 3073 lot·

101 3131 178 3172 mam
195 3109 313 3173 dellexa
328 3121 376 3173 est
393 3111 574 3176 ‘discederet
585 3123 709 3194 uterque
717 3110 754 3176 ab
762 3112 878 3191 armis',
896 3121 1046 3194 umquam
1062 3132 1156 3195 supra
1170 3130 1226 3175 non

102 3212 261 3298 polliceudi
276 3215 419 3292 uerbum,
444 3215 497 3279 sod
523 3215 693 3301 postulandi
714 3216 763 3280 uel
787 3216 885 3280 simile
900 3214 1027 3300 positum
1045 3225 1145 3280 esset.
1166 3206 1169 3213 ’
1188 3212 1227 3277 tlt

102 3317 195 3382 uerba
213 3320 364 3401 ‘quoniam
381 3316 514 3403 Pompeii
539 3319 702 3383 dominatio
717 3330 807 3402 atque
823 3340 905 3383 arma
922 3338 984 3381 non
999 3316 1157 3383 minimum
1172 3327 1228 3381 ter·

102 3441 201 3483 rorem
217 3421 282 3483 loro
299 3423 471 3498 iuierrent',
497 3422 605 3505 quibus
629 3442 723 3487 causa
743 3423 932 3497 declarator,
957 3440 1011 3483 cor
1026 3441 1087 3483 uon
1102 3420 1230 3485 solnm

104 3517 250 3599 Caesare,
267 3523 420 3587 sedetiam
437 3521 605 3605 aPompeio
614 3525 767 3589 exercitus
777 3524 942 3588 dimittendi
959 3523 1134 3602 uideantur,
1151 3520 1230 3588 nullo

103 3622 191 3684 modo
207 3644 272 3685 cum
288 3624 400 3706 protasi
416 3623 468 3687 illa
491 3624 536 3687 ‘si
553 3646 639 3706 quem
656 3628 746 3691 timor
760 3648 912 3692 armornm
928 3624 1073 3691 Caesaris
1088 3622 1231 3691 laederet’

101 3724 245 3808 coniungi
261 3737 398 3808 possunt.
429 3722 534 3809 ltaque
551 3730 696 3812 particula
714 3733 779 3809 ‘et',
804 3751 880 3814 qnae
898 3728 1066 3793 ‘laederet'
1081 3730 1232 3816 seqnitur,

105 3826 229 3889 delenda
245 3837 303 3889 est.
336 3826 404 3891 llnc
421 3830 496 3893 uidit
509 3831 678 3910 Whittius3
695 3833 747 3896 sed
768 3833 816 3895 ‘si’
832 3832 978 3917 particula
992 3842 1064 3895 aute
1081 3830 1234 3895 ‘discede-

104 3932 160 3993 ret’
177 3929 292 3993 adiecta
309 3931 375 3993 dum
392 3933 516 3996 sormam
533 3935 678 3998 orationis
693 3934 836 4017 corrigit,
860 3935 1009 3999 sententia
1026 3934 1152 3997 eandem
1169 3952 1235 4017 per·

106 4033 280 4096 uersituteur
299 4045 386 4098 nocta
402 4047 459 4113 est,
477 4059 563 4119 quam
580 4058 670 4120 supro
686 4038 876 4121 reprehendi.
916 4034 1060 4101 Ceterum
1076 4034 1235 4118 sequeutia

107 4156 223 4217 qnoque
238 4135 337 4198 miuus
354 4149 492 4202 accurrate
509 4141 694 4203 conformata
711 4153 799 4204 sunt:
831 4138 952 4223 ‘Neque
968 4140 1024 4203 hoc
1040 4149 1157 4202 tantum
1173 4136 1236 4221 pol·

106 4237 207 4300 licitus
224 4248 289 4314 est,
318 4240 474 4304 sedetiam
491 4263 545 4325 per
560 4262 593 4305 sc
610 4242 823 4307 discessionem
840 4245 942 4307 lacere
957 4243 1074 4325 coepitr
1096 4242 1176 4325 quod
1198 4260 1237 4305 ne

107 4340 213 4418 lieret,
238 4342 377 4406 consules
402 4345 548 4427 amicique
562 4342 699 4432 Pompeii
723 4347 879 4411 iusserunt
893 4356 983 4428 atque
997 4346 1041 4408 itu
1055 4365 1121 4409 rem
1136 4342 1238 4409 mode·

107 4444 202 4506 raudo
220 4443 450 4509 discusserunt'.
495 4445 679 4513 Extremum
701 4450 779 4513 enim
800 4450 924 4514 uerbum
940 4458 1023 4513 reete
1036 4444 1172 4511 lurinins
1187 4466 1238 4530 po-

110 4546 240 4610 nendum
254 4546 332 4609 dixit
346 4568 400 4631 pro
423 4549 525 4633 inepto
550 4551 797 4637 ‘discesserunel
838 4549 897 4615 Sed
914 4553 993 4616 idem
1019 4549 1237 4614 ‘moderando'

110 4648 235 4735 insuper
248 4658 382 4730 mutans,
398 4672 452 4736 pro
461 4674 520 4736 quo
537 4654 703 4718 ‘morando‘
719 4655 790 4741 poni
805 4654 937 4733 uolebat,
953 4672 1040 4719 suam
1054 4650 1120 4737 ipse
1135 4670 1239 4717 emen·
