2646 5124
430 640 633 712 COMbi.ili
648 640 921 713 effluo-73.
1232 648 1295 717 ont

117 840 224 907 paaans
240 838 341 902 nequo
354 816 387 881 in
400 816 528 895 litteris,
545 838 619 901 quas
634 817 768 882 seribere
781 829 830 881 est
843 818 970 896 solitos,
988 841 1086 909 neque
1101 822 1132 887 in
1150 824 1240 888 tasoi-

116 926 171 991 bna
185 922 320 1007 insignia
334 920 456 985 laureae
472 920 624 1006 praetulit.
656 920 700 984 Aa
713 918 887 999 Labienus,
910 943 977 985 ιιιι
993 923 1030 987 ob
1045 944 1082 989 eo
1097 926 1275 1010 impetro-d

118 1030 237 1105 nisset,
248 1035 282 1089 ut
295 1020 505 1107 aibi'eaptiuos
521 1010 604 1087 trodi
613 1023 749 1099 iuberet,
767 1044 872 1087 omues
887 1027 1046 1107 prnduetos
1061 1028 1240 1092 ostentatio-

117 1132 186 1205 nis,
209 1138 246 1193 nt
266 1126 441 1204 uidebatur,
463 1147 575 1205 eausa,
600 1146 659 1209 quo
680 1126 777 1189 maior
800 1128 943 1211 perfugae
966 1130 1038 1193 tides
1066 1130 1238 1210 baberetur,

80 1247 97 1299 ⁵
121 1232 339 1298 commilitones
364 1229 519 1313 appellans
546 1238 577 1291 et
591 1248 698 1313 magns
721 1229 881 1293 uerborum
910 1232 1089 1296 contumelia
1111 1233 1241 1298 iuterro-

119 1356 215 1420 paoa,
239 1334 418 1400 solerentne
436 1330 576 1396 ueterani
597 1331 706 1396 milites
725 1333 849 1416 iugero,
873 1333 904 1397 iu
930 1334 1061 1398 omnium
1080 1346 1242 1419 eonspeotu

115 1437 280 1504 intonen.
333 1478 337 1485 -

205 1538 264 1603 ilis
278 1536 371 1603 rebus
385 1547 501 1601 tanmm
517 1536 641 1601 fidnoine
655 1557 692 1601 ao
706 1537 831 1621 spiritns
847 1535 1038 1622 Pompeianis
1053 1541 1194 1620 necessit,
1211 1550 1244 1605 ut
1257 1540 1301 1611 72

121 1662 187 1707 ιιι
201 1642 240 1707 de
252 1642 372 1707 ratione
384 1640 456 1706 tadi
470 1639 660 1723 cogitarent,
682 1640 736 1704 sod
752 1641 864 1706 uicisse
877 1642 936 1706 iam
953 1642 1140 1707 uiderentur.
1169 1640 1280 1707 Non2

67 1756 98 1811 tt
122 1744 167 1810 itti
184 1744 363 1829 paumtatern
376 1753 550 1813 nostrorum
565 1742 709 1820 militurn,
732 1764 793 1806 nou
807 1744 995 1827 iniquitatem
1011 1744 1070 1808 loni
1084 1756 1175 1828 atque
1189 1766 1243 1811 au·

119 1847 237 1933 prastias
251 1845 475 1931 praeoeoapatia
490 1845 603 1909 enatris
616 1852 647 1911 et
661 1845 820 1929 nneipitem
835 1857 985 1911 terrorem
999 1847 1081 1911 intra
1096 1860 1244 1932 extraque

119 1949 323 2027 munitiones,
344 1969 406 2013 non
428 1947 579 2012 abaeisnm
600 1947 633 2012 in
647 1948 722 2012 duas
737 1963 838 2033 partes
852 1950 1041 2028 exereitum,
1064 1971 1131 2014 oum
1147 1951 1244 2015 attera

119 2052 206 2117 atteri
228 2052 377 2116 nuxitinm
399 2052 480 2116 iorre
501 2070 563 2114 unu
577 2061 697 2134 posset,
720 2070 830 2115 causae
845 2053 940 2118 fuisse
954 2053 1139 2136 rogitabant.
1169 2050 1279 2117 Nona

120 2156 158 2219 ad
174 2154 247 2219 bnon
261 2154 411 2219 addebant
426 2173 486 2217 non
501 2172 652 2217 eoneursa
666 2153 730 2217 aori
745 2155 836 2233 iaetu,
853 2176 914 2219 non
929 2157 1042 2240 proelio
1057 2156 1242 2232 dimicatum,

67 2267 98 2321 to
118 2256 236 2340 sibique
249 2256 333 2341 ipsos
348 2255 535 2320 multitudine
549 2266 640 2337 atque
653 2256 801 2338 angustiis
816 2257 911 2321 maius
927 2258 1065 2321 attulisse
1081 2258 1243 2322 detrimen·

120 2368 197 2437 tom,
215 2378 304 2442 qnam
319 2357 357 2422 ab
371 2358 456 2422 boote
471 2358 670 2443 aeoepissent.
693 2354 769 2421 Nou
783 2358 912 2440 denique
927 2360 1091 2422 eommunis
1107 2358 1177 2423 belii
1193 2358 1280 2423 eae-4

120 2482 175 2525 ans
199 2460 454 2539 redundabantur,
477 2482 565 2546 quum
582 2460 727 2544 paenulae
741 2478 832 2544 saepe
847 2480 956 2525 consae
973 2461 1021 2523 uel
1038 2460 1130 2524 tabae
1145 2460 1244 2543 suspi-

120 2564 219 2628 oinnia
243 2562 293 2627 uel
314 2562 440 2627 terroris
460 2564 612 2648 repentini
635 2564 684 2627 uel
705 2563 842 2628 obieotne
858 2562 1012 2647 religionis
1026 2584 1136 2646 magun
1151 2563 1243 2626 detri-

119 2676 222 2731 menta
235 2666 420 2744 intulissent,
430 2667 571 2749 quotiens
586 2667 635 2731 uol
649 2667 734 2751 eulpa
747 2667 831 2731 dunis
841 2666 889 2729 uel
901 2666 1014 2729 tribuni
1026 2666 1101 2729 uitio
1112 2666 1142 2729 in
1155 2685 1245 2730 exer·

67 2779 98 2833 td
119 2768 184 2833 eitu
204 2778 288 2833 esset
307 2768 474 2847 offensum,
499 2770 573 2846 sed,
597 2770 722 2853 proinde
742 2791 778 2834 ao
793 2771 820 2835 ai
836 2771 948 2833 uirtute
963 2770 1128 2848 uicissent,
1146 2788 1244 2855 nequo

105 2871 184 2935 utta
198 2872 391 2937 muneratio
404 2892 506 2936 rernm
521 2883 626 2956 posset
641 2873 794 2953 annitere,
813 2894 866 2957 per
880 2872 983 2937 orbem
1000 2884 1148 2937 terrarum
1166 2873 1245 2935 iunia

121 2994 161 3038 ae
175 2973 283 3039 titteris
298 2975 453 3038 uietoriam
469 2975 536 3040 eius
552 2976 610 3042 diei
626 2976 888 3042 concelebrabant.
917 2975 1036 3041 Caesar
1050 2997 1067 3039 a
1082 2973 1245 3059 superiori·
1259 2971 1303 3045 78

122 3075 179 3141 bna
200 3076 334 3141 oonsitiia
363 3076 504 3161 depulsos
526 3100 643 3143 ornnem
665 3080 723 3144 sibi
744 3081 981 3144 commutandum
1003 3079 1072 3143 belli
1095 3080 1243 3143 rationem

123 3178 320 3243 existimauit.
352 3178 459 3264 ltaque
480 3203 541 3246 uno
561 3192 696 3267 tempore
718 3184 877 3266 praesidiis
898 3183 1035 3245 omnibus
1057 3181 1192 3244 deductis
1214 3191 1246 3244 et

67 3291 98 3343 tt
120 3282 345 3367 oppugnatione
358 3284 482 3348 dimissa
497 3296 662 3369 coactoque
673 3285 805 3348 inunum
817 3286 913 3348 lorum
927 3281 1244 3346 exereitueontionem

122 3384 202 3466 apud
216 3384 327 3449 milites
342 3386 447 3451 babuit
461 3387 656 3471 hortatusque
672 3400 739 3466 est,
756 3408 794 3451 ne
810 3408 858 3463 ea,
876 3405 953 3468 quae
967 3382 1160 3460 accidissent,
1177 3379 1286 3464 gru-2

123 3487 205 3552 niter
225 3491 341 3553 renem
360 3510 438 3554 neue
453 3490 499 3555 bis
516 3492 607 3556 rebus
624 3500 812 3556 terrerentur
826 3488 984 3570 multisque
1000 3483 1141 3549 secundis
1158 3503 1247 3568 proe-

123 3588 175 3655 liis
190 3610 280 3655 unum
302 3593 461 3659 aduersum
477 3604 509 3659 et
522 3595 552 3658 id
568 3594 716 3660 mediocre
733 3601 929 3679 opponerent.
962 3586 1136 3653 distendam
1151 3586 1246 3649 iustu·
1260 3581 1281 3648 3

233 3849 244 3901 1
260 3864 352 3917 parans
363 3867 380 3902 ι
391 3852 415 3915 b,
431 3867 523 3918 paraus
536 3862 578 3905 est
590 3870 618 3906 ιι.
774 3867 857 3920 noque
869 3850 945 3913 (unta
958 3851 983 3901 iu
997 3846 1106 3913 titteris)
1119 3861 1177 3913 ogo,
1193 3846 1240 3897 sed

120 3926 164 3977 ab
176 3926 193 3977 b
205 3926 291 3992 dam,
303 3929 353 3981 aed
365 3944 448 3995 nequa
461 3945 490 3980 ιι.
646 3933 664 3983 2
676 3931 708 3982 ad
722 3930 853 3982 Labienus
865 3944 900 3993 o,
913 3928 945 3978 ad
958 3927 1101 3978 Labienum
1115 3925 1138 3975 b.

120 4004 329 4075 ilpetmiaaot]
342 4014 446 4075 pateret
458 4010 482 4059 b.
639 4010 655 4061 3
667 4010 806 4078 prodnotos
819 4008 987 4072 Stephanos,
1002 4004 1125 4056 reduetus
1136 4018 1154 4052 ιι
1168 4003 1243 4051 ίιιιιι.

119 4078 158 4133 d’.
297 4086 315 4136 t
327 4099 407 4137 oanaa
419 4088 492 4136 inter
503 4101 576 4137 nera.
592 4087 617 4137 b.
757 4086 882 4153 profugae
896 4083 923 4133 d.
1046 4082 1062 4133 d
1074 4080 1206 4131 aotaretoe
1219 4092 1246 4128 a.

234 4160 250 4213 7
267 4162 404 4215 tnterieoit
416 4180 433 4215 ιι
449 4166 522 4215 ‘man
537 4171 564 4216 ιι
575 4163 636 4215 edd.
649 4164 733 4229 qaid),
749 4163 873 4215 interficit
885 4177 914 4211 ιι.
1040 4158 1056 4210 d
1070 4159 1122 4208 iam
1133 4157 1181 4219 ob,
1197 4155 1249 4206 iam

121 4236 172 4289 siti
184 4254 214 4289 ιι.
322 4240 354 4293 id
367 4249 444 4307 atqne
457 4242 483 4291 io
497 4241 712 4306 ongnatiaaobo.
816 4237 986 4294 itabaoiaum
998 4236 1046 4299 ob,
1061 4234 1208 4286 abscissum
1216 4247 1244 4284 ιι.

232 4316 315 4384 partie
328 4332 389 4369 ιιιιιι
404 4319 477 4368 ‘maa
492 4318 611 4383 otiqnot'
624 4332 652 4367 ιι.
764 4317 852 4367 ιΙῑιιι
865 4314 942 4366 uitari
954 4313 996 4379 (ιι)
1007 4312 1023 4365 3
1036 4311 1114 4376 deta,
1129 4310 1198 4361 attor
1210 4311 1249 4363 at·

120 4395 175 4447 tori
185 4394 301 4462 ntiqui.
408 4394 439 4447 ¹³
453 4394 535 4445 inisse
547 4410 601 4445 om.
616 4394 642 4444 b.
766 4392 941 4445 tropicum
951 4390 1057 4453 Morus,
1072 4405 1104 4441 aa
1118 4403 1248 4439 eooeursu

121 4474 202 4527 codd.
319 4474 377 4539 apri
389 4476 440 4526 ob.
557 4475 589 4526 ib
602 4472 745 4525 eommunis
758 4487 827 4522 ιιιιιι
840 4471 907 4535 det„
922 4469 1050 4523 communi
1063 4468 1122 4530 ab,-
1136 4484 1249 4519 ιιιιιιι-

120 4568 210 4606 nasu.
337 4554 368 4607 tr
382 4553 557 4605 recordabaut
569 4567 596 4603 ι.
721 4548 926 4617 ttqnotianrn.
1039 4545 1249 4598 duoisnitionet

122 4631 200 4700 eulpa
213 4632 312 4686 tribuni
325 4647 353 4683 ι.
460 4631 604 4683 exereitum
618 4646 640 4679 o.
744 4626 823 4697 22⁸¹)
835 4644 894 4679 ιιιιιι
907 4627 924 4681 2
936 4624 1041 4677 dotas.
1145 4623 1179 4677 25
1189 4636 1250 4673 oon-

121 4709 224 4762 cionem
239 4706 292 4774 (ιι).
398 4706 636 4763 nonannoeane.
