2646 5124
470 597 792 665 —lld—

50 770 120 835 ulios
137 766 357 854 procedant,
386 787 496 853 neque
518 771 674 856 quicquam
695 775 884 841 interiectum
899 781 957 857 sit,
974 783 1052 864 quod
1068 784 1192 852 turbare

50 884 125 957 posset.
160 869 261 954 Quod
292 882 421 936 autem
440 871 573 938 Vossius
595 896 648 959 pro
670 880 858 963 contegendo
884 885 1054 964 ponendum
1070 888 1194 971 putabat

52 975 169 1060 ¹collegit',
185 976 338 1058 probari
360 977 491 1060 nequit,
509 999 576 1040 cum
591 978 700 1043 milites
712 1002 772 1043 nou
789 981 915 1066 dispersi
925 997 1041 1059 esseut,
1057 989 1193 1054 sedeon-

51 1080 120 1143 'uuoti
157 1074 376 1143 ‘Coniecit’
413 1080 609 1144 scribendum
635 1103 703 1146 esse
733 1080 843 1147 lllorus
873 1086 964 1148 uidit:
996 1090 1048 1151 sed
1073 1092 1190 1176 reliqua

51 1190 159 1268 teuptare
173 1204 243 1246 non
262 1182 437 1246 debebat.
473 1179 570 1255 Tecta
590 1184 667 1248 enim
689 1187 835 1249 coniectis
856 1188 998 1252 celeriter
1016 1196 1189 1260 stramentis

52 1286 217 1350 manorum
262 1286 528 1369 integendorum
563 1288 660 1373 gratia
697 1289 885 1352 inaedificata
925 1303 1010 1354 recte
1035 1293 1187 1374 dicuntur,

54 1408 194 1476 numquam
211 1389 326 1474 paulo
345 1388 582 1473 neglegentius.
604 1388 758 1454 Accurate
772 1392 814 1453 ita
829 1392 984 1455 dicendum
1000 1406 1086 1472 erat,
1110 1408 1190 1460 tecta

54 1490 206 1555 brutificata
223 1512 310 1556 esse
330 1491 487 1555 tentoriis
502 1492 606 1575 positis
622 1512 717 1575 eoque
733 1496 906 1557 stramentis
929 1497 1087 1560 coniectis.
1128 1496 1190 1563 Sed
1217 1509 1219 1515 '

56 1590 152 1673 llirtius,
168 1616 240 1659 cum
251 1604 450 1659 stramenta
464 1594 600 1659 coniecta
616 1614 685 1658 esse
700 1595 841 1673 dixisset,
859 1608 892 1659 ut
907 1598 1035 1662 tentoria
1051 1610 1191 1682 tegeren-

57 1705 103 1775 tu,
124 1700 260 1763 tentoria
277 1708 389 1762 antea
405 1697 506 1782 posita
521 1716 588 1760 esse
604 1708 634 1762 et
647 1697 678 1760 io
695 1718 730 1760 ea
746 1708 910 1762 stramenta
931 1701 1086 1779 coniecta,
1111 1704 1187 1785 quod

58 1818 95 1883 ptr
106 1822 135 1865 sc
146 1800 419 1886 intellegebatur,
438 1799 553 1883 planius
569 1801 724 1865 declarare
740 1801 919 1884 supersedit.

122 1900 224 1969 Verba
241 1926 276 1967 c.
294 1900 336 1982 9,
357 1900 381 1964 3
396 1902 431 1965 iu
446 1899 525 1966 Par:
536 1925 596 1988 pr.,
614 1904 650 1967 de
665 1925 724 1986 quo
739 1904 853 1968 errauit
868 1904 1074 1983 Acbaiutrius,
1092 1919 1123 1972 et
1137 1930 1187 1973 rc·

59 2005 126 2090 lpuis
138 2007 275 2091 integris
293 2005 409 2083 codd,
426 2004 659 2070 utamiuoribus
674 2007 848 2089 quibusdan
865 2007 1074 2092 discrepantiis
1087 2011 1186 2075 disce·

60 2106 164 2187 buius,
187 2111 233 2173 ita
256 2109 384 2194 scripta
408 2119 497 2172 suut:
525 2107 634 2172 ‘llaec’
658 2112 774 2191 (castra
795 2111 867 2174 dlcit
889 2110 1022 2194 Hirtius)
1044 2112 1187 2196 ‘inperat

59 2211 127 2275 uallo
139 2212 248 2295 pedum
263 2211 431 2275 duodecim
446 2212 575 2288 muniri,
597 2211 750 2275 loriculam
766 2234 821 2296 pro
837 2212 892 2277 bac
906 2214 1022 2278 ratione
1039 2214 1104 2278 eius
1119 2217 1188 2279 alti-

61 2314 163 2377 tudinis
177 2312 390 2391 inaedificari,
414 2315 526 2377 fossam
541 2314 685 2398 duplicem
702 2315 808 2399 pedum
825 2315 931 2378 denum
948 2317 1070 2397 quinum
1086 2317 1188 2380 lateri·

62 2414 110 2479 lus
124 2414 250 2500 deprimi
265 2416 412 2493 directis,
436 2427 535 2480 turres
559 2417 688 2481 excitari
703 2416 827 2481 crebras
850 2417 880 2480 in
896 2417 1082 2480 altitudinem
1099 2420 1187 2481 trium

61 2516 273 2597 tabulatorum,
301 2518 445 2602 pontibus
467 2520 600 2583 traiectis
625 2519 848 2601 constratisque
869 2520 1031 2603 coniungi,
1063 2541 1188 2603 quorum

61 2621 164 2685 lroutes
184 2622 321 2685 uimiuea
345 2620 472 2686 loricula
488 2623 693 2687 munirentur:
712 2633 746 2686 ut
759 2622 797 2685 ab
814 2622 951 2686 hostibus
967 2622 1076 2706 duplici
1093 2623 1185 2701 losse,

61 2723 157 2808 duplici
173 2734 437 2809 propugnatorum
454 2726 558 2790 ordine
575 2726 818 2802 defenderentur,
831 2746 955 2806 quorum
971 2724 1050 2789 alter
1064 2746 1103 2789 ex
1115 2747 1188 2810 pou·

61 2826 147 2901 libus,
164 2848 226 2911 quo
244 2827 344 2890 tutior
357 2826 514 2891 altitudiuc
529 2838 623 2905 esset,
642 2828 698 2890 boc
714 2827 856 2890 audacius
872 2828 1050 2912 longiusque
1065 2830 1187 2913 permit-

61 2938 129 2995 teret
143 2932 221 3008 tela,
240 2930 332 3007 alter,
359 2930 409 3012 qui
425 2931 544 3015 propior
559 2931 674 2993 bostem
690 2931 721 2993 in
737 2931 802 3015 ipso
818 2930 895 2994 uallo
910 2931 1073 2996 collocatus
1090 2944 1183 3009 esset,

60 3045 139 3115 puute
155 3033 195 3097 ab
212 3031 418 3095 incidentibus
432 3034 501 3097 telis
516 3032 693 3118 tegeretur’.
736 3029 797 3096 Pro
819 3033 920 3097 uerbis
941 3035 1000 3099 illis
1021 3036 1187 3099 ‘loriculam

60 3136 184 3220 probae
209 3136 334 3199 ratione
355 3135 420 3198 cius
442 3136 605 3199 altitudinis
621 3134 816 3198 inaedificari’
839 3135 870 3198 in
893 3136 1083 3220 interpolatis
1098 3137 1185 3200 codd.

61 3236 126 3303 laec
141 3250 264 3304 tautum
281 3237 441 3321 leguntur:
461 3238 595 3302 ‘coronis
611 3232 818 3301 inaedificari'.
838 3235 922 3300 llaec
937 3239 1006 3302 inde
1021 3248 1088 3301 orta
1104 3250 1188 3316 suut,

62 3342 130 3423 prod
144 3339 346 3425 magisteria
361 3340 494 3426 margine
510 3339 546 3403 ad
561 3340 615 3403 illa
629 3339 724 3402 uerba
739 3346 939 3402 auuotauerat
956 3338 1114 3416 ‘coronis',
1132 3361 1190 3422 quo

62 3444 242 3531 significaret
266 3442 422 3506 loriculam
450 3462 583 3507 summac
612 3441 683 3505 ualli
713 3442 943 3525 praecincturas
972 3440 1189 3505 inaedificatam

62 3562 134 3610 tuse.
176 3541 366 3628 Quanquam
382 3565 476 3629 neque
491 3545 689 3609 multitudiuis
704 3564 832 3607 numero
847 3541 889 3605 uti
906 3542 1033 3606 debebat
1047 3564 1143 3627 requie
1157 3546 1190 3609 iu

63 3654 176 3713 brreuu
191 3648 276 3713 uallo
292 3650 329 3711 de
344 3668 456 3712 corona
471 3650 623 3732 cogitare:
641 3648 719 3710 muri
731 3638 838 3732 lapidei
851 3664 962 3709 corona
975 3668 1189 3711 commemora·

64 3760 104 3815 tur
123 3754 207 3837 apud
232 3746 324 3814 Cart.
341 3748 400 3830 lx,
417 3750 449 3827 4,
467 3750 521 3828 30,
546 3750 693 3834 parietum
717 3769 848 3814 coronae
871 3768 961 3833 saepe
984 3750 1060 3832 apud
1083 3748 1189 3813 Vitru-

63 3855 144 3920 uum.
171 3850 237 3919 Sed
253 3853 394 3917 librarius
410 3853 487 3916 lanc
501 3874 589 3916 uuam
605 3874 708 3916 uocem
725 3874 779 3937 pro
795 3853 930 3916 omuibus
944 3852 1004 3916 illis
1022 3850 1190 3915 ‘loriculam

60 3958 186 4039 probae
209 3958 332 4020 ratione
354 3956 421 4019 eius
442 3955 620 4019 altitudinis'
645 3956 810 4037 ponendam
833 3955 1033 4018 existimauit.
1075 3950 1190 4015 Verum

62 4058 127 4125 laec
142 4060 256 4136 uerba,
273 4058 517 4141 quemadmodum
534 4059 564 4121 iu
580 4058 699 4141 optimis
714 4058 800 4121 codd.
814 4056 966 4141 leguntur,
983 4065 1069 4118 recte
1080 4052 1192 4115 babere

64 4182 113 4227 uou
129 4170 277 4248 possunt.
299 4160 408 4244 Neque
423 4162 503 4225 euim
518 4161 613 4225 lorica
628 4161 718 4223 ullam
731 4170 850 4244 poterat
863 4159 1010 4221 rationem
1027 4155 1139 4219 babere
1155 4152 1192 4214 ad

64 4265 246 4329 dtitudiueru
268 4264 359 4341 ualli,
381 4275 434 4343 ut,
458 4285 516 4347 quo
531 4263 587 4327 boc
603 4270 687 4326 esset
698 4262 808 4337 altius,
832 4280 870 4323 eu
892 4262 956 4342 ipsa
971 4276 1087 4341 quoque
1102 4254 1193 4317 altior

64 4366 316 4433 iuaedilicaretur.
339 4365 421 4430 Nam
437 4388 504 4430 cum
520 4366 557 4429 ud
573 4384 627 4429 eos
642 4362 843 4428 defendendos
857 4362 1078 4434 institueretur,
1095 4356 1144 4438 qui
1161 4356 1192 4417 iu

66 4472 137 4535 uallo
161 4471 305 4548 stabant,
322 4469 427 4534 militis
451 4468 600 4533 altitudini
621 4463 841 4531 accommodari
864 4462 1009 4537 debebat,
1035 4471 1068 4522 ut
1083 4458 1194 4537 etipse

68 4582 217 4655 legeretur
249 4584 282 4637 et
311 4573 373 4636 tela
398 4573 526 4657 desuper
553 4573 655 4636 iacere
684 4580 716 4633 et
743 4586 879 4652 pugnare
904 4561 1057 4627 commode
1079 4562 1194 4640 posset.

70 4670 161 4739 llulto
175 4676 276 4740 miuus
293 4674 413 4740 llirtius
428 4696 483 4761 pro
498 4674 554 4740 bac
568 4673 687 4739 ratione
701 4669 869 4736 altitudinis
883 4666 955 4730 ualli
972 4661 1096 4727 loricam
1113 4656 1198 4719 iuue-

93 4774 184 4834 Crem,
198 4775 235 4821 ed.
251 4777 362 4835 Nipperd.
966 4764 988 4825 8
