2646 5124
467 77 790 143 -111—

54 265 213 339 praeerat,
236 249 281 314 Vl
298 252 438 315 cobortes
454 252 587 315 subsidio
603 252 725 314 miserat
741 252 826 334 eique
843 254 1059 338 imperauerat,
1087 274 1136 338 ut,
1164 266 1189 328 si

52 359 206 422 susu'nere
240 378 304 419 non
331 366 453 439 posset,
489 355 625 419 deductis
653 354 825 418 cohortibus
855 359 1012 441 eruptione
1040 382 1189 446 pugnaret

51 459 116 540 (86,
132 460 181 541 l).
213 455 281 521 lam
299 458 412 521 certior
426 458 524 520 lactus
545 452 662 521 Caesar
676 477 694 519 a
708 454 842 521 Labieno
858 470 1025 525 extreruum
1046 464 1119 529 illml
1134 489 1188 533 au·

50 562 153 627 m'liam
167 559 397 646 experiendum
412 559 522 637 uideri,
538 558 602 643 ipse
618 580 655 622 eo
666 560 830 624 contendit.
848 556 954 644 ltaque
961 561 1092 631 Romani
1108 565 1187 635 Cae·

51 662 125 729 saris
135 662 277 730 aduentu
295 663 508 727 animaduerso
523 660 710 746 eruptionem
727 661 850 726 iaciunt.
888 661 914 728 li
929 676 1028 731 eutem
1044 681 1128 735 recte
1142 673 1187 737 li·

51 778 157 830 antur
180 766 338 851 proelium
360 764 567 840 committere,
600 766 669 847 quia
690 765 786 828 allruc
808 787 842 829 se
864 766 901 830 ab
926 767 1053 832 bostium
1076 771 1186 856 impetu

52 869 270 945 ὒιῐιιᾶιιιιιῑ,
299 867 360 930 iarn
375 866 433 950 ipsi
447 867 588 950 impetum
605 868 683 929 ultro
700 869 824 931 iaciunt.
860 870 962 952 Atque
983 870 1051 934 ileo
1072 870 1190 939 Caesar

53 972 157 1035 infime
179 992 253 1055 sup.
281 990 352 1053 cap.
377 968 483 1032 scribit
507 968 674 1033 ‘accelerat
698 969 831 1046 Caesar,
855 981 889 1035 nt
909 971 1025 1055 proelio
1044 975 1185 1039 intorsit'.
1243 1021 1246 1027 -

54 1069 212 1149 Caeam,
237 1084 275 1136 ut
298 1072 358 1135 boc
371 1070 472 1134 obiter
485 1091 640 1148 moneam,
658 1074 761 1136 ducem
779 1074 860 1136 illum
876 1075 1066 1153 Amernnm,
1090 1079 1140 1164 qni
1156 1078 1189 1145 iu

55 1176 229 1242 elitiombus
245 1172 715 1259 appellaturVergassillaunus,
739 1198 799 1239 non
821 1176 918 1240 solum
941 1179 1122 1242 auctoritate
1142 1180 1188 1242 in·

56 1290 199 1365 tcgrornm
214 1279 374 1354 codicum,
391 1276 445 1340 sel
461 1278 551 1341 etiam
567 1289 650 1342 certa
669 1280 788 1344 ratione
803 1278 1118 1345 Vercassiuellannnm
1142 1283 1188 1345 li·

58 1392 126 1445 ctum
148 1402 217 1447 esse
234 1380 408 1445 euincitur.
431 1378 499 1443 lloc
521 1381 600 1444 enim
623 1401 732 1444 nomen
753 1383 943 1447 coniunctum
960 1394 1008 1447 est
1022 1404 1064 1448 ex
1079 1380 1186 1450 Cassi·

57 1485 203 1563 uellam,
234 1485 329 1549 euius
354 1483 481 1547 nominis
504 1504 563 1547 rex
594 1480 806 1547 Britannorum
837 1499 1088 1551 commemoretur
1115 1488 1181 1551 bor.

58 1607 152 1651 mmm.
167 1586 231 1665 Vl,
241 1586 300 1666 11,
312 1584 349 1664 9,
367 1598 400 1651 et
414 1582 531 1651 Celtico
547 1585 693 1651 uocabulo
705 1585 805 1666 ‘lear’,
816 1587 892 1668 quod
908 1589 1004 1652 uirum
1020 1591 1181 1675 significat,

58 1690 301 1772 omanorum
326 1690 406 1754 ‘lear
420 1710 459 1774 go
475 1688 583 1753 breitb’
604 1688 717 1771 (uirum
731 1689 769 1752 ad
784 1690 939 1774 iudicium)
962 1713 980 1753 a
1004 1687 1139 1757 Caesare
1154 1692 1179 1771 l,

60 1789 108 1869 te,
123 1792 146 1855 5
160 1792 377 1877 uergobretum
393 1792 505 1856 (lictum
520 1812 588 1855 esse
603 1811 643 1855 ex
659 1788 787 1856 0brinio
803 1793 919 1855 monuit
930 1790 1103 1858 Oberlinns.
1123 1794 1185 1858 llo-

59 1893 120 1957 lem
134 1894 227 1957 modo
241 1914 285 1958 ex
297 1888 491 1980 Cingetorige
506 1893 691 1976 (Treoerum
707 1895 772 1958 eius
787 1896 917 1958 nominis
926 1890 1043 1959 Caesar
1058 1917 1187 1960 comme·
1310 1916 1319 1927 ·

58 2007 150 2061 norat
167 1995 207 2075 V,
226 1993 249 2059 3
263 2016 331 2080 sqq.
350 2008 382 2061 ct
394 1994 572 2061 britannum
588 1997 686 2061 eiusl.
704 1997 756 2061 lib.
773 1998 828 2076 tt,
849 1998 882 2081 l)
898 2009 997 2063 ortum
1014 2008 1061 2062 est
1077 2020 1185 2063 nomen

10 2120 12 2189 j
59 2096 331 2185 Vercingetorigis.

10 2212 17 2267 ῑ
131 2198 173 2267 C.
189 2200 250 2281 tto,
267 2202 348 2266 ber
369 2201 558 2286 interpolatis
580 2201 667 2265 codd.
684 2203 783 2266 editur
802 2201 854 2267 ίΤ.
879 2201 1046 2269 Labienum
1071 2205 1186 2273 duabus

61 2326 115 2370 cam
136 2304 316 2390 legionibus
339 2316 371 2369 et
391 2306 526 2389 equitatu
548 2304 580 2368 in
595 2300 754 2387 Sequanos
770 2307 919 2390 proficisci
934 2307 1033 2371 iubet:
1052 2308 1119 2373 buic
1135 2306 1182 2373 Μ.

62 2402 265 2494 Sempronium
281 2406 418 2473 Rutilum
433 2407 582 2472 attribuit.
612 2402 650 2470 C.
667 2404 793 2471 Fabium
809 2418 842 2473 et
855 2405 895 2471 L.
913 2407 1080 2475 Minucium
1096 2410 1183 2477 llasi·

62 2509 110 2575 lum
121 2535 194 2577 cum
210 2512 332 2576 duabus
347 2511 514 2595 legionibus
536 2509 568 2574 in
583 2508 689 2573 Remis
708 2512 857 2576 collocat'.
897 2509 933 2575 ln
954 2514 1078 2598 reliquis
1094 2518 1180 2580 coll.

63 2615 195 2700 scriptum
219 2624 273 2679 cst
288 2609 342 2677 ‘C.
358 2610 484 2677 Fabium
499 2613 651 2699 legatum':
672 2613 807 2697 ‘inepte’,
822 2615 918 2698 inquit
938 2613 1183 2701 Oudendorpius,

64 2718 147 2799 ‘qnasi
162 2717 218 2781 alii
235 2738 303 2780 non
316 2716 408 2801 legati
424 2717 572 2779 luissent’.
602 2713 662 2778 llic
679 2736 795 2799 quoque
810 2718 1002 2801 perspicitur,
1019 2719 1091 2801 qnid
1107 2719 1188 2782 inter

64 2818 187 2905 integros
210 2829 245 2883 et
267 2818 466 2902 interpolatos
488 2818 574 2883 coll.
593 2818 725 2880 intersit.
765 2815 929 2881 Minucium
951 2820 1030 2882 enim
1053 2818 1187 2883 Basilum

65 2938 109 2982 non
122 2922 280 3007 legatum,
304 2919 358 2984 sed
373 2923 554 3005 praelectum
570 2919 702 3001 equitum
721 2919 813 2983 luisse
829 2939 870 2982 ex
885 2916 941 2994 Vl,
959 2920 1013 2998 ts,
1031 2920 1053 2985 4
1072 2921 1187 3009 colligi-

66 3030 111 3099 te,
121 3025 177 3087 nbi
192 3044 261 3087 cnm
277 3024 358 3086 omni
372 3024 507 3106 equitatu
520 3025 558 3087 ad
573 3023 778 3109 Ambiorigem
794 3023 979 3108 praemissus
994 3025 1114 3089 licitur.
1145 3024 1187 3091 Et

68 3120 171 3191 lb'rtius
187 3122 279 3203 t'llt,
294 3124 330 3204 o,
347 3124 368 3189 3
383 3123 508 3191 Fabium
524 3127 637 3190 duabus
653 3125 821 3213 legionibus
838 3128 1003 3211 praefuisse
1018 3128 1135 3206 scribit,
1152 3140 1186 3193 ut

62 3220 188 3293 bolum
204 3229 235 3292 ci
251 3229 358 3293 collem
373 3231 461 3293 modo
475 3240 564 3313 atque
581 3225 792 3313 Sempronium
799 3226 935 3293 Rutilum
948 3227 1085 3295 Labieno
1100 3230 1186 3293 attri-

67 3324 151 3393 butam
167 3330 270 3394 luisse
283 3343 439 3415 appareat.

132 3534 226 3600 Finis
251 3535 448 3619 praelationis
463 3535 531 3602 libri
547 3538 646 3601 octoni
661 3537 702 3600 Α.
720 3534 813 3601 Hirtii
829 3538 959 3600 omnium
979 3552 1129 3599 consenso
1144 3530 1187 3596 ita

68 3636 170 3702 eblus:
191 3634 268 3702 ‘Sel
284 3658 342 3721 ego
358 3639 509 3717 nimirum,
528 3639 596 3703 (lum
612 3659 716 3703 omnes
731 3639 937 3703 excusationis
946 3636 1186 3719 cansascolligo‚

68 3735 480 3820 commemorantem,
498 3741 556 3805 boc
571 3743 636 3826 ipso
651 3741 764 3806 crimen
780 3740 970 3824 arrogantiae
987 3738 1091 3815 subeo,
1108 3736 1189 3818 quorl

70 3860 104 3905 nc
121 3844 236 3909 iudicio
257 3842 429 3925 cuiusquam
453 3844 623 3907 existimem
647 3865 734 3930 posse
756 3865 822 3907 cum
840 3840 974 3907 Caesare
997 3837 1188 3923 comparari’s

70 3947 149 4009 etita
179 3945 328 4030 scriptum
359 3955 407 4009 est
432 3946 464 4009 in
487 3942 560 4009 Par.
578 3967 642 4010 sec.
661 3969 679 4011 a
702 3969 742 4009 m.
760 3967 807 4030 pr.
831 3943 932 4008 llaun.
956 3965 1003 4027 pr.
1020 3937 1142 4016 Oxon.;
1159 3939 1192 4000 in

71 4045 182 4130 rdiqnis
204 4048 321 4132 legitur
343 4047 477 4131 ‘ipsum’‚
500 4049 578 4132 qnotl
598 4070 659 4114 non
683 4048 780 4111 minus
795 4056 912 4111 rectum
928 4055 987 4110 est.
1027 4041 1095 4105 lloc
1111 4038 1194 4102 enim

72 4144 278 4215 licitllirtins=
296 4170 355 4235 ego
370 4149 440 4215 dum
454 4171 559 4216 omues
574 4170 684 4215 ramas
699 4150 821 4233 colligo,
838 4169 877 4212 nc
893 4167 959 4209 cnm
968 4141 1106 4209 Caesare
1122 4157 1196 4200 con·
