2646 5124
439 576 760 641 ...231-

67 744 166 829 rmpeii
182 754 308 829 praeter
322 756 463 826 quattuor
476 748 612 831 legiones
627 771 688 813 uon
704 752 802 834 magni
818 756 960 817 momenti
977 757 1083 821 luisse.
1101 758 1162 825 lta·

67 866 98 927 e,
116 866 157 911 ue
172 847 242 929 quis
256 846 435 925 miraretur,
461 850 538 932 quod
553 848 711 936 Pompeius
734 863 833 917 tamen
849 855 956 919 bellum
973 859 1091 945 longius
1107 862 1161 925 du-

67 960 148 1027 mt,
170 948 366 1031 quamobrem
387 950 417 1013 id
436 953 606 1031 accidisset,
630 955 803 1019 deelarauit.
835 955 1047 1043 Adiunguntur
1061 975 1159 1027 autem

102 1050 211 1115 uerbis
227 1050 320 1114 baec:
340 1049 430 1116 ‘Nam
441 1055 504 1118 lere
513 1054 603 1119 totius
612 1057 762 1120 ulterioris
772 1056 935 1142 llispaniae
944 1064 1029 1145 regio
1038 1077 1160 1149 propter

67 1174 129 1219 ne
150 1154 368 1217 fecunditatem
390 1156 509 1240 inopem
531 1157 737 1242 difficilemque
759 1160 846 1223 habet
863 1165 1112 1247 oppugnationem
1128 1181 1158 1232 et

67 1254 206 1321 nutans
221 1256 373 1341 copiosam
389 1259 601 1340 aquationem’.
631 1260 690 1325 llic
709 1262 810 1346 inepte
832 1274 932 1326 terrae
949 1266 1158 1333 secunditatem

75 1378 173 1423 eausa
196 1356 293 1423 luisse
315 1357 394 1437 dici,
418 1370 453 1423 ut
473 1363 654 1446 oppugnatio
677 1364 763 1447 inops
790 1376 872 1429 esset
893 1376 924 1428 et
951 1368 1071 1449 aquatio
1099 1390 1159 1434 uon

67 1478 123 1523 uus
154 1458 302 1543 eopiosa,
329 1458 455 1544 Lipsius
484 1463 647 1527 intellexit.
685 1463 765 1528 Noun
789 1464 1020 1552 Oudendorpius
1043 1470 1159 1552 quidem
1198 1535 1201 1540 .

67 1560 217 1625 uleuiter
231 1573 375 1647 nugatur,
393 1563 443 1647 qui
458 1564 495 1627 ob
512 1576 612 1630 terrae
628 1566 837 1631 secunditatem
854 1571 1000 1633 culturam
1016 1572 1159 1638 siluarum

67 1664 197 1749 ςΙωῑιιιι
219 1674 308 1749 putat
328 1664 453 1748 ideoque
475 1688 526 1732 res
549 1670 585 1732 ad
607 1670 857 1754 oppugnationem
874 1674 1063 1737 necessarias
1079 1675 1160 1739 dele·

67 1784 124 1831 sse.
148 1762 329 1833 Conieiebat
342 1779 441 1832 autem
450 1766 574 1854 Lipsius
592 1778 706 1835 ‘terrae
716 1772 969 1839 infecunditatom'
978 1787 1008 1839 et
1017 1777 1157 1862 deinceps

67 1880 75 1933 t
94 1890 159 1933 uon
179 1870 270 1935 nimis
292 1872 444 1955 copiosam
459 1873 660 1956 aquationem'
681 1874 867 1937 scribendum
885 1896 964 1941 csse.
997 1877 1111 1944 Verum
1128 1892 1157 1945 et

67 1972 241 2037 moditatem
258 1972 423 2059 Hispaniae
437 1975 590 2038 ulterioris
607 1970 717 2041 Strabo
733 1986 765 2039 et
781 1973 893 2041 Plinius
910 1979 996 2059 (bist.
1014 1992 1076 2045 uat.
1096 1980 1154 2061 lll,

73 2072 113 2157 7)
128 2074 273 2155 laudant,
295 2096 391 2158 neque
413 2077 445 2140 iu
466 2097 503 2140 ea
517 2098 613 2159 aquae
629 2078 742 2161 copiam
759 2078 927 2157 desideres,
950 2093 1039 2166 atque
1053 2085 1085 2147 iu
1100 2085 1156 2148 bac

67 2186 138 2254 rte,
159 2175 212 2239 ubi
225 2176 330 2241 bobum
345 2177 525 2261 gerebatur,
548 2180 657 2244 {lumen
673 2175 793 2243 Salsum
816 2182 853 2244 ab
876 2194 1000 2246 auctore
1016 2185 1085 2249 belli
1101 2185 1157 2249 lli-

67 2278 210 2341 auieusis
224 2291 478 2344 commemoratur.
502 2278 612 2366 Neque
627 2302 701 2344 uero
715 2282 745 2343 id
760 2281 856 2344 solum
866 2283 996 2365 ineptum
1005 2297 1062 2364 cst,
1081 2288 1157 2369 quod

67 2380 364 2465 ipsiusreprebeudit,
382 2384 435 2447 sed
443 2384 544 2462 etiam,
557 2384 634 2466 quod
642 2384 871 2469 oppugnationis
882 2385 1036 2448 dillicultas
1052 2398 1084 2449 ct
1097 2410 1158 2451 nou

67 2484 134 2548 inus
149 2482 270 2567 eopiosa
283 2485 402 2569 aquatio
418 2486 661 2567 coniunguntur,
679 2506 820 2567 quaeres
835 2486 1058 2550 diuersissimae
1073 2499 1155 2552 sunt.

67 2606 137 2671 tque
151 2586 225 2650 mibi
240 2599 346 2652 auctor
360 2588 404 2651 sie
419 2588 538 2651 uidetur
551 2587 728 2671 scripsisse:
749 2586 842 2651 ‘Nam
860 2599 921 2652 tota
933 2589 997 2652 lere
1006 2590 1157 2655 ulterioris

67 2689 197 2775 'spaniae
218 2691 304 2776 regio
326 2701 449 2775 propter
471 2701 571 2753 terrac
594 2690 805 2754 fecunditatem
822 2701 854 2753 et
868 2712 928 2753 nou
944 2691 1042 2755 miuus
1058 2694 1158 2777 eopio-

67 2812 96 2857 ιι
111 2791 303 2881 aquationem
319 2791 438 2877 longam
453 2793 659 2876 difficilemque
676 2791 766 2856 habct
780 2794 1054 2875 oppugnationem’.
1079 2794 1158 2859 Τοι-

67 2895 178 2961 eeuiru
194 2896 376 2959 fecunditate
397 2905 429 2959 et
450 2896 571 2979 eopiosa
586 2895 744 2979 aquatione
761 2895 962 2975 efficiebatur,
986 2908 1019 2961 ut
1041 2897 1157 2962 obsessi

68 3018 126 3084 que
142 3001 223 3062 lame
238 3019 334 3081 neque
349 2998 400 3061 siti
416 2998 504 3061 facile
520 2999 556 3061 ad
568 2998 746 3061 deditionem
756 2999 1015 3084 compellerentur.
1042 3000 1158 3065 Trans-

67 3103 237 3167 ueudorum
252 3112 352 3164 autem
369 3102 529 3165 uerborum
549 3102 681 3166 remedio
706 3122 761 3164 uos
783 3114 866 3165 recte
888 3103 919 3166 in
942 3104 997 3165 boe
1018 3102 1094 3166 libro
1116 3102 1158 3165 uti

67 3204 141 3289 rigni
157 3204 338 3267 documento
353 3216 436 3281 suut,
454 3226 531 3287 quae
547 3228 575 3267 c.
593 3202 614 3266 9
629 3204 782 3285 leguntur.

110 3304 267 3371 Extremo
281 3326 309 3367 o.
327 3303 348 3369 8
363 3306 489 3370 relatum
506 3308 597 3371 estin
613 3306 689 3369 colle
704 3305 843 3387 quodam,
862 3306 910 3387 qui
927 3300 1036 3368 Castra
1051 3302 1161 3367 Postu·

69 3430 129 3473 aua
153 3408 360 3493 appellabatur
381 3420 413 3474 et
434 3406 601 3493 aPompeii
626 3408 734 3473 eastris
757 3407 838 3470 milio
862 3426 1003 3490 passuum
1020 3416 1161 3489 quattuor

67 3522 158 3589 erut,
181 3506 344 3575 Caesarem
368 3512 523 3576 castellum
546 3513 741 3575 coustitutum
767 3510 917 3573 babuisse.
952 3506 1050 3590 ‘Quod
1071 3505 1161 3572 Pom-

67 3614 141 3693 ius',
163 3611 263 3701 inquit
284 3626 390 3678 auctor
413 3615 479 3679 cll
502 3614 559 3691 iu.,
585 3616 679 3697 ‘quod
704 3613 807 3678 eodem
830 3613 902 3697 iugo
925 3612 1081 3697 tegebatur
1101 3611 1161 3675 loci

67 3726 139 3781 Ιιπιι
162 3726 196 3781 et
217 3728 364 3779 remotum
387 3727 454 3780 erat
475 3738 492 3779 a
515 3719 624 3779 castris
640 3711 803 3794 Caesaris,
827 3716 1083 3781 animaduertebat
1103 3715 1160 3777 loci

67 3818 232 3883 beultatem
248 3830 291 3896 et,
308 3820 376 3901 quia
393 3820 512 3883 llumiuc
528 3814 616 3881 Salso
632 3818 899 3896 intercludebatur,
919 3840 979 3883 uon
997 3841 1065 3884 esse
1080 3841 1161 3881 com-

67 3910 191 3987 ssurutu
208 3916 391 3999 Caesarem,
408 3931 442 3984 ut
456 3922 486 3985 in
504 3932 585 3984 tauta
601 3921 660 3984 loci
676 3921 846 3984 difficultate
862 3921 899 3984 ad
913 3921 1077 3985 subsidium
1093 3922 1161 3984 mit-

67 4024 151 4089 rdun
172 4044 210 4088 sc
232 4024 457 4088 committeret'.
497 4020 550 4087 Sic
579 4024 657 4086 enim
688 4034 826 4087 extrema
855 4023 946 4087 uerba
976 4023 1159 4088 emendanda

67 4138 136 4205 tut,
155 4147 225 4191 cum
240 4126 270 4189 iu
286 4126 424 4190 omuibus
440 4129 503 4190 lere
520 4127 606 4189 codd.
617 4126 769 4209 legeretur
786 4127 834 4189 ‘ad
851 4125 1015 4190 subsidium
1026 4126 1162 4189 commit·

67 4228 151 4293 ndum
167 4229 376 4293 semitteret':
396 4229 427 4292 iu
443 4251 504 4292 uuo
519 4230 586 4293 eod.
599 4225 704 4291 Vrsini
720 4227 864 4313 scripturn
881 4239 939 4306 est,
957 4228 1035 4310 quod
1051 4228 1160 4304 editur,

67 4332 81 4397 Ι
94 4330 265 4397 subsidium
281 4331 514 4395 submittendum
529 4352 563 4395 sc
578 4329 734 4410 mitteret’,
752 4332 782 4395 iu
797 4328 862 4395 Pet.
873 4342 905 4394 ct
915 4328 1014 4394 Noru.
1024 4331 1162 4394 effectum

67 4442 77 4497 t
90 4436 149 4499 ‘ad
164 4433 333 4499 subsidium
348 4434 489 4499 uenirct’.
513 4432 578 4498 lam
593 4431 795 4517 Glaudorpius
811 4433 983 4497 coniecerat
999 4433 1049 4495 ‘ad
1064 4430 1163 4494 subsi-

67 4556 112 4601 ιιι
131 4536 366 4601 submittendum
387 4557 421 4600 se
442 4538 664 4601 committeret'.
703 4534 850 4619 Reliqua,
877 4546 910 4599 ut
924 4534 1027 4620 posui,
1050 4531 1163 4611 scripta

67 4646 102 4703 ut
114 4638 150 4705 iu
163 4636 238 4705 Par.
256 4660 321 4705 seo.
338 4650 381 4718 et,
399 4648 433 4702 ut
446 4648 536 4725 puto,
553 4639 585 4704 iu
602 4637 693 4705 Vind.
711 4661 771 4724 pr.,
788 4660 855 4704 cum
872 4635 1074 4702 Schneiderus
1090 4650 1163 4714 quo·
