2646 5124
502 609 804 679 ...33-

90 781 242 861 cucutia,
259 779 397 863 uidebat)
412 801 504 846 unum
519 803 625 848 omncs
640 796 777 869 peterent
791 786 1050 872 Indutiomarum,
1074 818 1133 862 neu
1147 803 1215 883 quis

88 906 163 971 quem
179 887 266 971 prius
280 885 434 961 uulnerat,
458 908 548 969 mam
563 886 647 950 illum
660 888 854 956 interiectum
868 895 1001 961 uiderit’.
1038 898 1121 964 Nam
1147 912 1213 987 ‘pe-

86 992 149 1055 ut'
170 991 203 1054 in
217 989 412 1075 interpolatis
428 999 544 1053 tantum
560 990 712 1054 inuentum
728 1005 792 1057 est:
819 996 850 1059 in
872 998 996 1081 reliquis
1018 1000 1131 1086 legitur
1147 1014 1212 1088 ‘pe-

84 1094 193 1159 temt'.
236 1090 356 1158 Contra
381 1093 556 1157 ‘uulneret’
587 1105 749 1159 annotatur
771 1118 811 1161 ex
841 1096 940 1185 Bong.
965 1123 1010 1185 pr.
1042 1101 1136 1169 Voss.
1161 1129 1208 1190 pr.

83 1194 164 1283 dqm.
187 1194 282 1261 Leid.
307 1218 356 1283 pr.
376 1194 461 1261 seat.
485 1194 588 1259 llaun.
606 1216 652 1280 pr.
670 1195 774 1263 Onon.
798 1200 948 1284 plerisque
970 1205 1164 1286 deteriorum,
1181 1224 1213 1273 et

81 1302 237 1365 mudum
262 1298 399 1384 lleyerlii
423 1299 576 1362 silentium
592 1300 680 1364 etiam
695 1301 727 1363 in
741 1299 815 1365 Par.
841 1325 889 1388 pr.
907 1305 1029 1389 legitur.
1069 1307 1210 1374 ‘Viderit'

82 1414 171 1469 antem
192 1403 382 1468 auctoritate
403 1400 505 1487 llong.
531 1424 576 1485 pr.
593 1413 624 1467 et
637 1400 715 1467 Par.
733 1426 780 1488 pr.
805 1404 868 1479 (bic
883 1428 1002 1489 quoque
1022 1410 1059 1472 de
1076 1430 1112 1473 eo
1128 1432 1212 1478 meae

81 1506 243 1571 collationis
259 1506 385 1570 silentio
401 1505 533 1588 conlido)
555 1506 718 1571 coniuncta
734 1528 801 1570 cnm
817 1502 901 1570 Scnl.
920 1506 1027 1574 (lxon.
1052 1515 1215 1597 compluri·'

82 1608 187 1695 lneque
209 1610 399 1673 deteriorum
423 1620 518 1671 tntum
540 1608 677 1672 uidetur:
710 1608 740 1671 in
764 1609 887 1692 reliquis
910 1622 941 1673 et
965 1610 1068 1676 llaun.
1092 1635 1139 1699 pr.
1164 1628 1213 1680 est

83 1710 226 1777 ⁸uideret’.
266 1709 421 1795 Tempora
443 1711 474 1773 in
496 1710 573 1795 aptis
595 1710 868 1790 enuntiationibus,
900 1736 968 1778 cnm
992 1737 1048 1800 pur
1069 1738 1103 1781 se
1126 1720 1211 1802 plura

84 1824 158 1879 reete
171 1814 241 1899 poni
259 1824 408 1898 possunt,
431 1812 662 1897 ascriptoribus
678 1815 796 1877 uariata
817 1835 884 1878 esse
901 1817 1054 1900 complura
1070 1822 1210 1905 exempla

84 1927 155 1981 tant.
193 1914 242 1981 lta
267 1914 388 1981 Caesar
402 1917 439 1979 de
454 1915 485 1978 b.
504 1913 584 1979 Gall.
604 1914 674 1993 Vll,
695 1916 746 1995 17,
764 1914 784 1977 3
805 1918 927 2002 scripsit
943 1926 1070 1984 ‘summa
1087 1922 1209 1987 difficul-

86 2029 138 2085 tate
149 2022 197 2084 rei
215 2020 433 2084 frumentariae
448 2018 556 2082 allecto
573 2022 710 2085 exercitu
727 2042 821 2104 usque
835 2041 883 2099 eo,
909 2031 942 2084 ut
958 2022 1126 2108 complures
1143 2026 1208 2089 dies

85 2122 182 2188 ussites
207 2125 363 2187 frumento
387 2123 541 2186 caruerint
561 2133 593 2186 et
613 2144 722 2207 pecore
742 2135 908 2188 extremam
933 2125 1040 2190 famem
1056 2138 1208 2191 sustenta·

86 2225 170 2305 rent,
192 2240 226 2291 et
243 2227 409 2291 secundum
431 2226 556 2309 primam
582 2247 701 2290 manum
723 2228 833 2290 codicis
849 2226 988 2291 Vaticani
1004 2223 1115 2291 Cicero
1130 2226 1206 2293 Phil.

86 2324 180 2408 Lib,
195 2328 239 2393 bb
260 2329 321 2412 ‘qui
335 2327 415 2393 ludis
431 2327 495 2391 suis
511 2328 553 2391 ita
567 2330 674 2407 caruit,
700 2341 733 2392 ut
763 2329 795 2392 in
817 2329 870 2392 illo
891 2330 1121 2412 apparatissimo
1141 2351 1209 2413 spe·

88 2433 199 2496 cuculo
212 2432 340 2497 studium
355 2431 484 2516 populna
499 2428 654 2495 llomanus
671 2433 811 2496 tribuerit
825 2432 957 2509 absenti,
975 2431 1158 2496 desiderium
1173 2433 1210 2495 li·

88 2534 229 2601 leratoris
243 2537 290 2600 sui
306 2543 451 2620 perpetuo
474 2534 578 2617 plausu
600 2534 729 2599 leniret’.
769 2532 830 2600 Sed
851 2536 897 2598 bis
913 2535 1029 2598 duobus
1052 2534 1128 2597 locis
1149 2535 1206 2619 ipsi

88 2640 240 2724 scriptores
255 2637 352 2702 uideri
369 2647 497 2721 possunt
511 2636 627 2719 aliquod
642 2637 801 2702 discrimen
819 2638 992 2719 significare
1013 2637 1158 2714 uoluisse,
1177 2647 1209 2701 ut

88 2742 170 2806 altera
193 2764 247 2806 res
270 2742 304 2805 in
326 2741 501 2805 uniuersum
524 2740 602 2803 tacta
618 2740 820 2818 indicaretur,
838 2742 935 2806 altera
950 2743 986 2805 ad
1003 2750 1118 2805 certum
1134 2749 1209 2803 tem-

88 2862 132 2927 pta
145 2847 383 2930 astringeretur.
421 2842 483 2905 Atii
506 2840 563 2905 loci
587 2843 663 2906 banc
678 2845 907 2909 excusationem
923 2845 1051 2922 babent,
1070 2843 1147 2928 quod
1163 2844 1208 2908 di-

88 2966 165 3013 tensa
180 2960 320 3032 tempora
334 2946 395 3011 alia
410 2946 447 3008 ad
463 2944 541 3009 aliud
558 2945 679 3009 uerbum
696 2948 872 3012 referuntur
884 2960 937 3013 ant
959 2949 990 3012 in
1002 2949 1070 3013 aliis
1087 2949 1206 3015 enunti-

86 3050 325 3137 disponuntur,
347 3058 383 3112 nt
404 3048 479 3111 baec
499 3048 576 3131 apud
600 3044 693 3112 Caes.
718 3048 748 3111 b.
766 3047 848 3114 Gall.
872 3049 900 3130 l,
923 3050 995 3129 7‚a
1019 3051 1153 3136 ‘legatos
1169 3052 1207 3114 ad

85 3174 143 3218 eun
165 3156 313 3232 mittunt,
337 3151 388 3237 qui
410 3152 546 3216 dicerent
566 3148 624 3213 sibi
647 3168 715 3214 esse
737 3152 769 3215 in
789 3154 889 3217 animo
904 3154 970 3217 sinc
985 3152 1046 3216 ullo
1061 3154 1208 3217 maleficio

84 3254 136 3322 iter
146 3280 204 3343 per
217 3255 408 3342 prouinciam
423 3254 534 3331 lacere,
552 3262 711 3337 propterea
727 3254 804 3335 quod
819 3255 899 3317 aliud
915 3256 973 3317 iter
987 3254 1134 3319 baberent
1144 3256 1210 3317 nnl-

82 3358 155 3425 lnne
178 3379 306 3443 rogare,
324 3368 356 3422 ut
372 3357 437 3421 eius
453 3358 610 3420 uoluntate
624 3354 654 3417 id
673 3353 730 3417 sibi
748 3356 848 3419 iacere
864 3355 976 3433 liceat',
993 3352 1050 3433 Vl,
1067 3353 1101 3433 u,
1118 3355 1140 3418 t
1157 3354 1212 3419 ‘le-

81 3472 167 3547 gatos
180 3462 324 3538 mittunt,
350 3459 400 3547 qni
423 3459 550 3522 doceant
571 3476 669 3540 neque
684 3457 799 3523 auxilia
821 3478 863 3521 ex
878 3478 935 3521 sna
949 3458 1073 3522 ciuitate
1088 3459 1118 3522 in
1134 3454 1211 3522 ‘tte

80 3586 172 3629 seros
187 3563 279 3628 missa
296 3584 394 3645 neque
408 3561 445 3624 ab
459 3580 493 3624 se
509 3560 594 3624 tidem
610 3561 743 3625 laesam:
761 3570 868 3646 petunt
883 3570 974 3643 atquc
987 3572 1086 3639 orant,
1105 3572 1139 3625 ut
1153 3560 1210 3626 sibi

81 3678 194 3751 parcat,
219 3688 260 3731 ne
275 3664 425 3731 communi
441 3664 510 3727 odio
526 3661 746 3727 Germanorum
762 3665 941 3728 innocentes
961 3684 1015 3748 pro
1030 3662 1210 3728 nocentibus

80 3792 191 3855 poenas
207 3770 357 3855 pendente
382 3767 409 3832 si
424 3767 549 3851 amplius
564 3766 699 3830 obsidum
715 3768 817 3845 uellet,
835 3768 907 3831 dare
923 3766 1122 3853 pollicentur'a
1140 3786 1211 3829 uam

82 3874 174 3938 ‘sedit’
197 3873 231 3938 in
247 3870 436 3957 interpolatis
451 3880 566 3935 mutum
582 3870 668 3933 codd.
686 3870 813 3953 legitur3
838 3867 909 3948 Vll,
925 3868 980 3949 tt),
996 3869 1017 3933 7
1040 3868 1211 3954 ‘imperium

80 3994 112 4039 se
132 3976 172 4041 ab
193 3973 334 4040 Caesare
355 3972 627 4059 per'proditiouem
651 3974 763 4036 nullum
786 3973 977 4050 desiderare,
999 3972 1077 4055 quod
1100 3971 1213 4034 babere

80 4079 208 4143 uictoria
225 4088 341 4161 posset,
356 4097 433 4158 quae
449 4076 508 4139 iam
525 4085 607 4139 esset
615 4076 672 4139 sibi
686 4085 774 4158 atque
783 4073 920 4137 omnibus
930 4072 1210 4157 Gallisexplorataa

81 4182 149 4264 quin
167 4183 260 4245 etiam
277 4179 352 4266 ipsis
367 4178 535 4257 remittere,
559 4178 586 4242 si
602 4177 660 4242 sibi
675 4177 773 4262 magis
790 4177 933 4240 bonorem
950 4176 1100 4251 tribuere,
1125 4192 1213 4256 qnam

81 4284 116 4347 ab
137 4306 173 4349 se
195 4285 325 4349 salutem
347 4282 483 4365 accipere
506 4278 687 4360 uideantor'3
712 4279 741 4343 b.
767 4280 827 4343 eiu.
848 4275 985 4357 1‚tt‚3
1010 4277 1156 4355 mandat,
1171 4283 1216 4336 =nt

81 4382 228 4449 Libonem
245 4386 281 4449 de
299 4384 485 4449 concilianda
502 4402 574 4467 pace
589 4382 739 4460 bortetur,
756 4381 904 4465 inprimis,
921 4392 954 4443 ut
968 4382 1032 4463 ipae
1048 4400 1114 4441 cnm
1126 4374 1216 4439 Pom·

81 4490 147 4571 peio
170 4490 415 4573 colloqueretur,
440 4486 600 4570 postulat’3
631 4483 704 4549 Liu.
728 4480 847 4562 XXll,
877 4481 920 4547 18
941 4489 1054 4568 ‘prope
1075 4477 1217 4563 precibus

83 4612 176 4675 agens
191 4614 257 4656 unm
273 4590 421 4675 magistro
436 4589 590 4672 equitum,
606 4587 719 4672 utplus
734 4586 862 4650 consilio
877 4608 965 4669 qnam
990 4587 1131 4648 lortnnae
1147 4595 1220 4639 cou-

81 4694 152 4761 bdat
166 4707 197 4763 et
211 4716 245 4763 se
260 4696 362 4781 potius
377 4693 483 4756 ducem
499 4712 587 4775 quam
596 4686 808 4774 Sempronium
815 4684 1056 4816 Flaminiumque
1072 4679 1219 4744 imitetur:

963 4783 986 4849 b
