2646 5124
274 554 419 625 COMM.
430 555 496 625 1111
517 556 617 625 CAP.
636 558 789 625 13-15.
1134 574 1197 641 ³³5

67 731 144 799 ensi
161 728 311 797 Germani
335 732 514 815 frequentes
537 730 678 795 onmibus
703 733 888 817 principibus
911 738 1138 825 maioribusque

77 834 223 900 adhibitis
239 836 278 898 ad
294 856 364 897 euru
379 835 411 898 in
426 845 530 899 castra
546 845 716 911 uenerunt,
733 836 835 913 simul,
854 850 887 901 ut
902 840 1071 921 dicebatur,
1088 846 1137 909 sui
1153 846 1174 909 5

67 938 137 1003 andi
152 957 262 1015 causa,
280 936 359 1021 quod
376 948 504 1015 contra,
521 948 612 1019 atque
628 948 711 1001 esset
726 938 838 1001 dietiun
855 952 886 1003 et
902 942 957 1025 ipsi
974 946 1134 1027 petissent,

67 1041 135 1107 lium
152 1039 252 1124 pridie
267 1039 506 1117 commisissent,
524 1040 614 1103 simul
630 1050 682 1115 ut,
699 1040 725 1101 si
742 1041 811 1122 quid
828 1056 972 1127 possent,
997 1048 1034 1111 de
1049 1048 1136 1113 iudu-

67 1144 195 1209 ¹'allendo
210 1142 426 1227 impetrarent.
466 1138 553 1224 Quos
578 1142 636 1205 sibi
653 1137 772 1205 Caesar
794 1144 912 1207 oblatos
927 1150 1052 1229 gauisus
1068 1152 1136 1216 illos
1151 1152 1173 1217 6

67 1248 118 1313 cri
142 1246 256 1325 iussit3
290 1246 356 1330 ipsc
379 1266 485 1309 omues
508 1244 612 1330 copias
635 1246 747 1307 castris
770 1246 875 1309 eduxit
899 1251 1136 1333 equitatumque,

81 1348 204 1415 recenti
227 1349 346 1433 proelio
370 1348 564 1431 perterritum
587 1369 658 1411 esse
674 1348 890 1427 existimabat,
908 1372 1017 1433 agmen
1034 1354 1139 1417 subsc·

67 1452 158 1517 ussit.
192 1450 272 1513 Acie
289 1450 402 1534 triplici
418 1452 557 1515 instituta
581 1462 612 1514 et
636 1452 781 1514 celeriter
803 1464 873 1514 octo
896 1454 1011 1516 milium
1029 1456 1137 1521 itinere
1153 1458 1197 1527 ll

67 1565 132 1621 ecto
148 1553 233 1638 prius
249 1554 288 1617 ad
306 1554 435 1617 bostium
452 1565 554 1617 castra
571 1555 729 1636 peruenit,
755 1576 862 1636 apuam,
888 1556 958 1637 quid
981 1569 1136 1642 ageretur,

67 1657 141 1721 nani
155 1657 274 1720 sentire
292 1669 430 1741 possent.
465 1654 528 1739 Qui
544 1657 684 1719 ornatibus
700 1654 792 1719 rebus
808 1657 908 1719 subito
921 1661 1088 1742 perterriti,
1107 1662 1175 1725 et2

67 1758 153 1824 ritate
168 1760 319 1823 aduentus
337 1760 434 1823 nostri
451 1771 482 1823 et
496 1760 632 1823 discessu
648 1780 793 1831 suorum,
819 1782 915 1843 neque
939 1763 1073 1825 consilii·
1084 1764 1138 1827 ba-

67 1860 85 1925 li
101 1882 197 1945 neque
213 1884 301 1926 arma
317 1864 455 1946 capiendi
472 1864 571 1946 spatio
586 1862 656 1924 dato
672 1862 906 1943 perturbantur,
925 1865 1068 1947 copiasne
1083 1868 1137 1931 ad·

67 1984 104 2029 ns
120 1964 237 2029 bostem
247 1966 372 2044 ducere,
390 1976 540 2029 aucastra
556 1965 732 2039 defendere,
751 1984 790 2025 an
806 1966 876 2047 luga
892 1968 1018 2029 salutem
1032 1980 1137 2051 petere

67 2076 181 2131 staret.
212 2066 351 2151 Quorum
368 2068 459 2131 tinmr
473 2089 540 2129 cum
558 2068 679 2130 fremitu
695 2076 726 2129 et
741 2086 888 2127 coticursu
898 2067 1132 2151 significaretur,
1151 2073 1172 2137 3

67 2188 108 2234 ce
129 2170 229 2233 nostri
250 2171 372 2255 pristini
396 2170 455 2233 diei
479 2170 604 2254 perlidia
625 2169 742 2232 incitati
767 2170 798 2230 in
820 2180 920 2232 castra
943 2170 1132 2254 inruperunt.

67 2268 180 2349 =loco,
203 2272 255 2355 qui
277 2274 417 2337 celeriter
432 2294 516 2336 arma
533 2292 643 2355 capere
660 2284 834 2355 potnerunt,
854 2272 1006 2356 paulisper
1021 2274 1173 2339 nostrisl

67 2370 191 2435 iterent
212 2382 297 2457 atquc
315 2375 397 2439 iuter
411 2396 517 2439 carros
530 2375 802 2459 impedimentaque
818 2375 964 2459 proelium
981 2376 1139 2438 commise-

67 2500 88 2539 .=
106 2474 271 2559 etreliqua
286 2476 444 2541 multitudo
461 2498 622 2561 puerorum
638 2478 857 2561 mulierumque
874 2478 1138 2546 (namcumomni·
1154 2477 1174 2541 5

67 2576 133 2643 suis
149 2578 241 2643 donno
254 2591 456 2644 excesserant
470 2578 671 2663 llbenumque
688 2581 887 2659 transierant)
905 2580 1015 2663 passim
1034 2582 1139 2663 lugere

67 2677 115 2759 itp
141 2680 181 2744 ad
204 2702 282 2765 quos
297 2684 519 2747 consectandos
537 2679 655 2747 Caesar
669 2686 834 2767 equitatum
850 2683 942 2745 misit.
991 2679 1137 2747 Germani
1151 2682 1194 2754 15

80 2790 199 2869 tergunt
216 2785 350 2850 clamore
365 2787 480 2863 audito,
498 2808 566 2849 cum
576 2808 649 2849 suos
665 2786 793 2849 interlici
812 2785 960 2863 uiderent,
977 2786 1071 2848 armis
1086 2784 1139 2847 ab·

67 2903 85 2951 ⁸
100 2886 259 2971 signisque
275 2888 454 2953 militaribus
469 2889 585 2953 relictis
600 2910 634 2953 se
650 2912 692 2953 cx
708 2888 820 2951 eastris
837 2888 1004 2968 eiecerunt,
1022 2900 1052 2953 et
1069 2888 1174 2955 cnm2

67 2986 258 3053 onlluentem
274 2986 384 3055 blosac
399 3001 431 3055 ct
444 2989 547 3055 llbeni
563 2992 793 3077 peruenissent,
811 2991 927 3075 reliqua
944 2993 1013 3075 luga
1030 2994 1136 3077 despe-

73 3094 495 3177 magnouumerointerlccto
511 3094 619 3176 reliqui
635 3116 669 3157 se
684 3094 714 3155 in
732 3094 840 3157 llurnen
858 3095 1137 3179 praecipitauerunt

67 3193 144 3259 eibi
161 3194 286 3274 timore,
304 3196 494 3275 lassitudine,
513 3199 542 3259 ui
559 3195 690 3259 llumiuis
707 3197 842 3279 oppressi
859 3196 1026 3278 perierunt.
1072 3194 1174 3257 No-:t

68 3294 109 3361 ad
124 3318 219 3361 unum
242 3319 349 3363 omues
374 3300 543 3364 incolumes
560 3299 718 3383 perpaucis
735 3298 903 3360 uolneratis
919 3316 959 3357 ex
977 3296 1054 3357 tanti
1069 3294 1140 3358 belli

67 3420 129 3477 tre,
156 3422 225 3464 curn
249 3400 380 3467 bostium
404 3424 547 3467 numerus
563 3402 692 3485 capitum
709 3408 873 3463 ccccxxx
889 3397 1002 3460 milium
1018 3395 1137 3475 luisset,

67 3512 203 3567 acastre
223 3519 416 3589 receperunt.
456 3502 575 3570 Cacsar
589 3505 645 3581 iis,
672 3524 746 3588 quos
769 3502 800 3565 iu
824 3500 936 3565 castris
959 3498 1176 3579 retinuerant

67 3602 180 3669 dandi
192 3617 372 3688 potestatem
389 3608 470 3673 lecit.
517 3604 564 3673 llli
587 3606 732 3692 supplicia
755 3604 967 3687 cruciatusque
983 3598 1138 3667 Gallorum
1153 3598 1175 3665 5

67 3868 118 3913 rat
127 3864 242 3931 perlldia
255 3863 380 3917 Germani
392 3868 469 3935 usis.
609 3868 627 3921 2
639 3866 765 3935 purgandi
778 3866 855 3933 suis.
996 3866 1012 3915 l
1025 3864 1138 3915 induciis

67 3952 90 3991 a.
197 3942 214 3993 5
227 3944 337 4007 panisus
351 3946 405 4011 es,
420 3944 495 4008 panis
508 3958 541 4005 n,·
555 3943 662 4007 grauius
675 3942 910 3994 ,attenctius
923 3956 977 3991 ser.
990 3956 1026 3989 m.
1041 3956 1068 3991 a.

67 4018 145 4069 Md·
256 4022 438 4075 llconsilium
452 4024 475 4074 b.
620 4020 1136 4087 lilducereABCBt‘55educerees,

67 4098 272 4151 tiaedncerob.
380 4100 575 4168 lbpristiucb.
681 4098 960 4165 inruperuntABEs.
1043 4098 1137 4166 lbqno

73 4176 242 4243 Accam·
256 4196 364 4247 qnorum
377 4180 544 4247 abdcset,
561 4182 602 4229 ‘ut
615 4178 744 4241 uidetur-⁸,
759 4195 783 4228 c.
888 4176 919 4231 21
936 4174 1044 4240 tergas.

77 4254 212 4321 metrias.
355 4258 389 4308 24
403 4255 513 4323 reliquis
527 4270 556 4305 se
568 4260 632 4305 arato
644 4270 716 4305 corr.
729 4255 763 4305 tt.
887 4253 913 4303 in
926 4254 1018 4303 llnmcn
1031 4258 1096 4303 anta
1108 4270 1138 4304 no

67 4332 139 4397 Η,-
152 4332 179 4383 in
194 4334 302 4385 flumine
318 4335 364 4385 bc.
505 4335 540 4387 25
553 4333 579 4384 ui
593 4333 705 4383 llnminis
718 4330 852 4397 Abc0s5
865 4346 919 4380 nm.
936 4330 972 4395 C,
986 4330 1012 4379 in
1026 4332 1137 4383 lluminis

67 4412 214 4465 aluminis
227 4413 304 4465 alueo
316 4414 388 4477 DE,
404 4414 507 4464 flumine
519 4428 574 4463 roc.
587 4428 624 4463 m.
638 4412 704 4463 BC·
827 4410 861 4465 27
874 4424 931 4459 cum
945 4416 973 4459 et
984 4409 1097 4460 bostium
1111 4411 1137 4461 b.

152 4504 271 4541 ccccxxx
283 4492 311 4543 A
322 4496 350 4543 et
361 4506 487 4557 rupa-arc.
502 4497 586 4539 torum
599 4492 626 4537 et
639 4494 666 4538 ta
678 4488 703 4538 tt
707 4487 745 4554 s,
768 4484 1014 4553 quadringentorum
1028 4486 1136 4548 triginta

67 4595 72 4611 .
90 4562 230 4691 giracium
244 4566 278 4617 ad
289 4567 481 4634 quadringenta
494 4564 666 4633 qnadraginta
678 4564 761 4616 milia.
936 4562 970 4614 23
984 4560 1017 4611 iia
1029 4560 1117 4611 Aldus
1123 4597 1133 4624 ,

67 4652 89 4689 to
130 4675 138 4692 .
