2646 5124
403 634 406 645 .
444 582 588 655 CAPV'I'
601 584 755 651 45-47.
1188 589 1255 659 titt

67 757 139 845 qnid
166 778 209 823 cx
236 757 297 821 tois
319 755 414 841 copiis
442 776 567 840 sperare
588 754 721 820 debeas'.
768 752 931 839 Postquam
960 756 1033 822 baec
1056 764 1194 829 centurio
1208 764 1253 836 dd

67 859 224 951 praesenti
252 857 353 921 auimo
376 857 522 924 aduersus
543 858 715 943 opinionem
737 858 803 922 eius
825 870 873 923 est
895 858 1030 939 loeutus,
1053 861 1102 927 ira
1128 885 1196 948 per·

65 964 144 1029 citus
154 959 259 1046 Scipio
274 972 364 1043 atquc
379 960 470 1023 animi
482 959 584 1025 dolore
599 961 741 1026 incensus
757 961 864 1024 anuuit
876 962 1114 1043 centurionibus,
1126 967 1195 1049 quid

67 1052 136 1130 beri
154 1064 265 1137 uellet,
287 1073 378 1146 atque
400 1073 471 1127 ante
494 1064 584 1147 pedes
607 1063 810 1128 centurionem
834 1063 989 1129 interiecit
1004 1065 1195 1151 reliquosque

31 1180 47 1231 t
72 1178 234 1232 ueteranos
249 1188 267 1231 a
283 1165 432 1230 tironibus
446 1163 529 1228 iubet
543 1166 674 1230 secerni.
705 1164 868 1230 ‘abducite
882 1167 982 1245 istos',
998 1165 1106 1252 inquit,
1129 1170 1232 1235 ‘ue-2

67 1268 146 1334 fario
166 1268 284 1334 scelere
299 1267 520 1332 contaminatos
536 1276 568 1330 et
580 1267 672 1331 caede
687 1269 798 1332 ciuium
814 1267 992 1353 saginatos'.
1037 1265 1090 1333 Sic
1105 1283 1195 1337 extra

67 1370 179 1435 uallum
194 1368 314 1435 deducti
327 1380 399 1433 aunt
410 1380 441 1435 et
453 1368 657 1434 cruciabiliter
669 1369 833 1435 interlecti.
859 1368 991 1435 Tirones
1003 1382 1102 1436 antem
1113 1373 1196 1439 iubet
1210 1375 1231 1442 3

65 1472 148 1537 inter
165 1471 301 1555 logiam
323 1470 477 1555 dispertiri
498 1481 530 1533 et
544 1466 714 1534 Cominium
737 1493 803 1535 enm
818 1469 927 1536 Ticida
948 1471 981 1535 iu
1003 1487 1194 1559 conspectum

66 1594 155 1637 suum
171 1571 308 1656 probibet
320 1573 436 1655 adduci.
480 1568 547 1652 Qua
564 1593 605 1636 cx
619 1594 654 1637 re
669 1570 785 1638 Caesar
799 1584 966 1638 commotus
981 1595 1047 1654 eos,
1072 1598 1148 1661 quos
1162 1579 1231 1645 int

10 1685 44 1739 tt
67 1673 250 1739 stationibus
270 1694 337 1739 cum
359 1673 456 1760 longis
478 1674 604 1737 nauibus
623 1675 699 1758 apud
715 1672 867 1760 Thapsum
884 1677 1038 1744 custodiae
1053 1700 1146 1745 causa
1161 1681 1194 1745 in

66 1777 135 1841 salo
156 1796 226 1841 esse
247 1775 397 1853 iusserat,
423 1787 456 1840 ut
477 1776 540 1841 auis
562 1776 710 1840 onerariis
726 1778 883 1861 longisque
901 1779 1028 1844 nauibus
1043 1782 1193 1865 praesidio

66 1888 184 1957 essent,
200 1877 238 1942 ob
253 1878 472 1964 neglegentiam
488 1879 671 1962 ignominiae
687 1901 779 1943 causa
795 1880 985 1946 dimittendos
1001 1883 1038 1948 ab
1054 1885 1194 1967 exercitu

64 1979 333 2064 grauissimumquc
346 1982 380 2045 in
395 2000 449 2045 eos
465 1981 592 2045 edictum
608 1982 831 2066 proponendum
849 1984 976 2047 curauit.

148 2078 210 2146 Per
231 2083 260 2146 id
283 2093 401 2167 tcaapus
417 2082 481 2147 lere
497 2078 641 2147 Caesaris
657 2085 805 2148 exercitui
821 2105 870 2148 res
885 2086 994 2152 accidit
1008 2086 1192 2154 incredibilis
1203 2088 1250 2158 47

10 2192 42 2247 tt
63 2182 178 2248 auditu.
196 2181 338 2267 Namque
352 2185 547 2271 uergiliarum
563 2187 651 2270 siguo
667 2186 804 2249 confecto
815 2186 936 2250 circiter
945 2188 1047 2272 uigilia
1058 2193 1191 2256 secunda

64 2285 163 2351 nocfis
184 2285 304 2351 nimbus
318 2308 385 2351 cum
399 2308 493 2351 muca
508 2287 654 2371 grandine
669 2286 768 2350 subito
784 2296 828 2350 est
844 2300 971 2353 exortus
986 2290 1105 2375 ingens.
1142 2292 1228 2356 ΑΗ

65 2386 123 2452 boc
138 2398 239 2453 antem
253 2389 471 2479 incommodam
487 2398 679 2466 accesserat,
702 2387 780 2471 quod
796 2384 913 2452 Caesar
927 2411 988 2453 oon
1003 2412 1088 2454 more
1103 2413 1193 2476 supe·

64 2487 180 2555 riorum
203 2501 369 2577 temporum
390 2493 422 2556 in
437 2491 570 2556 bibernis
587 2490 755 2554 exercitum
771 2488 963 2569 continebat,
987 2491 1040 2555 sod
1055 2491 1087 2555 in
1103 2494 1192 2557 tertio

63 2602 230 2676 quartoque
261 2594 309 2659 die
337 2594 526 2679 procedendo
556 2593 736 2677 propiusque
760 2592 875 2656 bostem
897 2595 1066 2659 accedendo
1090 2605 1190 2659 castra

10 2702 40 2755 tc
62 2694 300 2776 communiebat,
328 2717 478 2781 opereque
502 2696 637 2760 iaciendo
660 2695 768 2759 milites
791 2714 825 2758 sc
848 2695 1107 2780 circumspiciendi
1129 2718 1190 2761 uon
1238 2768 1242 2775 .

64 2794 214 2861 babebant
229 2797 412 2863 facultatem.
438 2797 605 2863 Praeterea
620 2797 662 2862 ita
679 2819 717 2862 ex
729 2794 837 2862 Sicilia
852 2798 1021 2862 exereitum
1038 2809 1190 2883 transpor-
1206 2797 1226 2863 3

64 2896 161 2975 tabat,
178 2909 208 2962 ut
225 2911 343 2983 praeter
357 2900 452 2985 ipsum
467 2900 590 2964 militem
603 2912 634 2964 et
645 2920 728 2963 arma
742 2921 798 2964 uec
810 2920 864 2965 nas
880 2921 935 2964 nec
947 2901 1125 2985 mancipium
1136 2923 1190 2965 ue·

61 3020 120 3083 que
143 3000 232 3064 ullam
253 3022 337 3080 rem,
361 3023 438 3085 quae
460 3003 528 3067 usui
545 3002 630 3066 militi
646 3024 715 3069 esso
731 3003 906 3082 consueuit,
930 3003 962 3067 iu
978 3024 1071 3068 naues
1086 3005 1190 3088 inponi

61 3112 227 3186 pateretur.
260 3100 296 3167 In
311 3104 417 3169 Africa
439 3115 540 3169 autern
565 3126 625 3168 non
647 3107 734 3168 modo
757 3105 814 3169 sibi
836 3106 994 3192 quicquam
1009 3127 1070 3169 non
1085 3107 1224 3188 adqui-4

10 3214 38 3269 tn
60 3203 175 3269 sieront
193 3216 247 3297 aut
261 3218 454 3291 parauerunt,
478 3207 637 3271 sedetiam
654 3219 777 3291 propter
792 3227 929 3270 auuouac
946 3207 1102 3269 caritatem
1118 3217 1188 3269 ante

60 3317 145 3391 parta
160 3320 421 3393 consumpserant.
446 3305 562 3391 Quibus
578 3309 667 3373 rebus
677 3309 824 3373 attenuati
836 3306 941 3390 oppido
952 3327 1091 3390 perquam
1103 3308 1189 3390 pauci
1205 3309 1225 3371 5

60 3409 118 3473 snb
133 3410 260 3494 pellibus
275 3411 526 3494 adquiesccbaut3
538 3411 644 3495 reliqui
661 3432 701 3474 ex
717 3410 903 3474 uestimentis
921 3407 1090 3472 tentoriolis
1103 3408 1189 3473 iactis

60 3522 151 3595 atque
165 3513 361 3578 arundinibus
376 3515 532 3599 scopisque
549 3514 701 3577 contextis
718 3511 944 3596 permanebant.
969 3507 1074 3592 Itaque
1088 3508 1223 3575 subitoli

59 3612 157 3678 imbre
178 3615 381 3699 grandiusque
405 3626 568 3681 consecuta
583 3614 718 3696 grauatis
734 3616 864 3698 pondero
880 3613 1018 3677 tentoriis
1034 3632 1189 3697 aquaeque

167 3719 345 3773 2estcm.c.
452 3722 546 3772 luelit
559 3721 582 3770 b.
692 3717 897 3783 interiecitob‚
915 3717 1079 3769 interlinita.

59 3796 152 3848 bittos
166 3798 253 3864 inquid
266 3815 294 3862 a,
308 3799 392 3865 iuquit
406 3800 471 3851 istos
484 3799 544 3850 edd.
651 3798 666 3848 u
680 3798 743 3848 cede
756 3814 783 3850 a.
891 3794 1105 3859 ltuepligeutiue
1118 3794 1190 3859 igno·

58 3875 204 3940 nimiaeque
216 3890 323 3926 canaam
338 3878 360 3927 b·
479 3880 510 3929 ll
524 3877 643 3928 exercitu
658 3892 680 3926 e.
796 3877 827 3929 ts
842 3877 914 3928 aditu
929 3876 953 3927 i.
1065 3874 1189 3937 uergilia-

57 3968 117 4005 rum
130 3968 158 4014 a,
172 3954 334 4018 nirgiliarom
348 3969 376 4021 u.
495 3956 526 4007 ts
539 3963 681 4020 temporum
697 3953 895 4020 Glaudorpiue,
911 3954 1094 4019 imperatorum
1108 3951 1186 4001 codd.

91 4072 96 4077 -
170 4032 459 4085 2llcommnnibatub.
581 4033 612 4084 21
629 4033 782 4084 babebatc.
900 4029 1077 4080 ituom.ob.

57 4108 258 4176 transportabat
269 4124 286 4159 a
295 4111 320 4175 b,
334 4117 563 4177 transportauerat
576 4125 603 4159 u.
738 4108 771 4161 22
780 4123 827 4157 nae
841 4121 888 4156 uas
901 4120 949 4155 nec
974 4121 991 4154 a
1005 4104 1029 4165 b,
1045 4115 1128 4166 aeque
1142 4115 1189 4152 aas

59 4202 186 4261 aeqneu.
297 4187 601 4254 taasui(a)o,nsuu.
706 4185 835 4251 luponio.
939 4180 1189 4234 attineamate

58 4264 155 4319 saeta
268 4267 319 4318 albi
332 4283 386 4319 om.
400 4270 425 4319 b.
539 4260 887 4331 quicquama,nonqoidq.
999 4262 1185 4312 oenomai.

167 4345 350 4413 adquisierant
362 4362 390 4396 a.
509 4345 541 4397 2⁰
551 4349 625 4410 parta
638 4357 655 4391 a
668 4357 682 4390 n
694 4342 711 4393 2
724 4340 805 4405 dett„
820 4344 912 4406 parata
925 4353 953 4388 u.
1070 4334 1146 4407 qnam
1161 4341 1186 4390 b.

164 4422 415 4489 27adquieaeebant
424 4436 451 4471 o.
556 4417 734 4484 28scopisque
748 4431 771 4481 e,
782 4415 916 4484 copiisque
929 4413 981 4465 nb.
1085 4418 1187 4479 ilpra-

55 4501 127 4553 uatis
141 4499 370 4568 Oudendorpa'ua5
387 4499 491 4565 grauati
503 4498 615 4562 reliqui,
630 4503 737 4559 grauata
751 4511 768 4546 o
782 4511 805 4544 c.
917 4495 1038 4547 tentoriis
1054 4494 1132 4555 uod,
1149 4500 1187 4540 ta·

57 4575 146 4627 nebris
159 4576 237 4628 codd.
346 4592 480 4643 aquaeque
495 4591 563 4641 egof
574 4587 692 4640 aquaque
706 4573 816 4640 reliqui,
830 4587 974 4639 aquamque
986 4588 1026 4623 ae
1038 4573 1186 4634 (aquarum-

56 4656 216 4723 qualium).

90 4752 185 4810 Caesar,
196 4752 232 4799 ed.
248 4752 357 4813 Nipperd.
618 4774 624 4784 «
992 4731 1037 4794 44
