<?xml version="1.0" encoding="UTF-8"?>
<!DOCTYPE html PUBLIC "-//W3C//DTD XHTML 1.0 Transitional//EN"
    "http://www.w3.org/TR/xhtml1/DTD/xhtml1-transitional.dtd">
<html xmlns="http://www.w3.org/1999/xhtml" xml:lang="en" lang="en">
 <head>
  <title>
</title>
<meta http-equiv="Content-Type" content="text/html;charset=utf-8" />
  <meta name='ocr-system' content='tesseract 3.04.00' />
  <meta name='ocr-capabilities' content='ocr_page ocr_carea ocr_par ocr_line ocrx_word'/>
</head>
<body>
  <div class='ocr_page' id='page_1' title='image "./civliicaesarisc01hirtgoog_0133.png"; bbox 0 0 2646 5124; ppageno 0'>
   <div class='ocr_carea' id='block_1_1' title="bbox 493 595 817 662">
    <p class='ocr_par' dir='ltr' id='par_1_1' title="bbox 493 595 817 662">
     <span class='ocr_line' id='line_1_1' title="bbox 493 595 817 662; baseline -0.012 1"><span class='ocrx_word' id='word_1_1' title='bbox 493 595 817 662; x_wconf 79' lang='lat'>—135-</span> 
     </span>
    </p>
   </div>
   <div class='ocr_carea' id='block_1_2' title="bbox 83 766 1229 4551">
    <p class='ocr_par' dir='ltr' id='par_1_2' title="bbox 86 766 1217 1473">
     <span class='ocr_line' id='line_1_2' title="bbox 115 766 1217 853; baseline 0.011 -20"><span class='ocrx_word' id='word_1_2' title='bbox 115 770 173 834; x_wconf 85' lang='lat' dir='ltr'><strong>idem</strong></span> <span class='ocrx_word' id='word_1_3' title='bbox 187 767 269 843; x_wconf 82' lang='lat' dir='ltr'><strong>vm,</strong></span> <span class='ocrx_word' id='word_1_4' title='bbox 287 766 341 847; x_wconf 77' lang='lat'><strong>12,</strong></span> <span class='ocrx_word' id='word_1_5' title='bbox 361 768 378 831; x_wconf 92' lang='lat' dir='ltr'><strong>l</strong></span> <span class='ocrx_word' id='word_1_6' title='bbox 397 766 603 832; x_wconf 81' lang='lat' dir='ltr'><strong>‘condiciones</strong></span> <span class='ocrx_word' id='word_1_7' title='bbox 617 770 698 853; x_wconf 86' lang='lat' dir='ltr'><strong>pacis</strong></span> <span class='ocrx_word' id='word_1_8' title='bbox 714 789 769 853; x_wconf 86' lang='lat' dir='ltr'><strong>per</strong></span> <span class='ocrx_word' id='word_1_9' title='bbox 784 768 822 834; x_wconf 91' lang='lat' dir='ltr'><strong>L.</strong></span> <span class='ocrx_word' id='word_1_10' title='bbox 840 766 1003 837; x_wconf 86' lang='lat' dir='ltr'><strong>Caesarem</strong></span> <span class='ocrx_word' id='word_1_11' title='bbox 1020 788 1053 840; x_wconf 89' lang='lat' dir='ltr'><strong>et</strong></span> <span class='ocrx_word' id='word_1_12' title='bbox 1069 775 1217 845; x_wconf 81' lang='lat' dir='ltr'><strong>Fabatum</strong></span> 
     </span>
     <span class='ocr_line' id='line_1_3' title="bbox 102 867 1217 965; baseline 0.011 -30"><span class='ocrx_word' id='word_1_13' title='bbox 102 872 213 938; x_wconf 71' lang='lat' dir='ltr'><strong>&#39;allans&#39;</strong></span> <span class='ocrx_word' id='word_1_14' title='bbox 236 880 471 937; x_wconf 67' lang='lat' dir='ltr'><strong>commemorate</strong></span> <span class='ocrx_word' id='word_1_15' title='bbox 504 867 635 935; x_wconf 82' lang='lat' dir='ltr'><strong>Fabatus</strong></span> <span class='ocrx_word' id='word_1_16' title='bbox 664 882 763 935; x_wconf 89' lang='lat' dir='ltr'><strong>autem</strong></span> <span class='ocrx_word' id='word_1_17' title='bbox 790 884 837 938; x_wconf 89' lang='lat' dir='ltr'><strong>eat</strong></span> <span class='ocrx_word' id='word_1_18' title='bbox 856 870 897 935; x_wconf 81' lang='lat' dir='ltr'><strong>L.</strong></span> <span class='ocrx_word' id='word_1_19' title='bbox 921 872 1065 943; x_wconf 79' lang='lat' dir='ltr'>Roscius.</span> <span class='ocrx_word' id='word_1_20' title='bbox 1107 879 1217 965; x_wconf 81' lang='lat' dir='ltr'><strong>Neque</strong></span> 
     </span>
     <span class='ocr_line' id='line_1_4' title="bbox 101 971 1215 1061; baseline 0.005 -20"><span class='ocrx_word' id='word_1_21' title='bbox 101 978 242 1061; x_wconf 69' lang='lat' dir='ltr'><strong>quiequam</strong></span> <span class='ocrx_word' id='word_1_22' title='bbox 259 973 412 1049; x_wconf 75' lang='lat' dir='ltr'><strong>obstabat,</strong></span> <span class='ocrx_word' id='word_1_23' title='bbox 429 993 488 1055; x_wconf 84' lang='lat' dir='ltr'><strong>quo</strong></span> <span class='ocrx_word' id='word_1_24' title='bbox 502 974 614 1052; x_wconf 87' lang='lat' dir='ltr'><strong>miuus,</strong></span> <span class='ocrx_word' id='word_1_25' title='bbox 631 985 664 1037; x_wconf 94' lang='lat' dir='ltr'><strong>ut</strong></span> <span class='ocrx_word' id='word_1_26' title='bbox 679 971 788 1039; x_wconf 88' lang='lat' dir='ltr'><strong>Cicero</strong></span> <span class='ocrx_word' id='word_1_27' title='bbox 803 998 894 1039; x_wconf 89' lang='lat' dir='ltr'><strong>uuum</strong></span> <span class='ocrx_word' id='word_1_28' title='bbox 910 975 949 1040; x_wconf 86' lang='lat' dir='ltr'><strong>L.</strong></span> <span class='ocrx_word' id='word_1_29' title='bbox 968 976 1145 1061; x_wconf 87' lang='lat' dir='ltr'><strong>Caesarem,</strong></span> <span class='ocrx_word' id='word_1_30' title='bbox 1171 986 1215 1049; x_wconf 89' lang='lat' dir='ltr'><strong>sic</strong></span> 
     </span>
     <span class='ocr_line' id='line_1_5' title="bbox 95 1075 1216 1169; baseline 0.005 -25"><span class='ocrx_word' id='word_1_31' title='bbox 95 1075 203 1145; x_wconf 78' lang='lat' dir='ltr'><strong>Caesar</strong></span> <span class='ocrx_word' id='word_1_32' title='bbox 224 1077 325 1142; x_wconf 84' lang='lat' dir='ltr'><strong>solum</strong></span> <span class='ocrx_word' id='word_1_33' title='bbox 350 1075 496 1139; x_wconf 81' lang='lat' dir='ltr'><strong>Roscium</strong></span> <span class='ocrx_word' id='word_1_34' title='bbox 519 1076 706 1154; x_wconf 85' lang='lat' dir='ltr'><strong>nominaret,</strong></span> <span class='ocrx_word' id='word_1_35' title='bbox 735 1080 909 1160; x_wconf 86' lang='lat' dir='ltr'><strong>praesertim</strong></span> <span class='ocrx_word' id='word_1_36' title='bbox 933 1101 999 1144; x_wconf 90' lang='lat' dir='ltr'><strong>cum</strong></span> <span class='ocrx_word' id='word_1_37' title='bbox 1022 1083 1070 1147; x_wconf 81' lang='lat' dir='ltr'><strong>tic</strong></span> <span class='ocrx_word' id='word_1_38' title='bbox 1093 1098 1216 1169; x_wconf 87' lang='lat' dir='ltr'><strong>praetor</strong></span> 
     </span>
     <span class='ocr_line' id='line_1_6' title="bbox 90 1176 1211 1265; baseline 0.004 -17"><span class='ocrx_word' id='word_1_39' title='bbox 90 1194 174 1258; x_wconf 69' lang='lat' dir='ltr'><strong>meet,</strong></span> <span class='ocrx_word' id='word_1_40' title='bbox 191 1182 234 1245; x_wconf 82' lang='lat' dir='ltr'><strong>L.</strong></span> <span class='ocrx_word' id='word_1_41' title='bbox 252 1177 385 1257; x_wconf 74' lang='lat' dir='ltr'><strong>Caesar,</strong></span> <span class='ocrx_word' id='word_1_42' title='bbox 401 1198 489 1262; x_wconf 82' lang='lat' dir='ltr'><strong>quem</strong></span> <span class='ocrx_word' id='word_1_43' title='bbox 505 1176 573 1243; x_wconf 92' lang='lat' dir='ltr'><strong>Cic.</strong></span> <span class='ocrx_word' id='word_1_44' title='bbox 591 1181 628 1243; x_wconf 82' lang='lat' dir='ltr'><strong>ad</strong></span> <span class='ocrx_word' id='word_1_45' title='bbox 644 1179 711 1242; x_wconf 79' lang='lat' dir='ltr'><strong>Att.</strong></span> <span class='ocrx_word' id='word_1_46' title='bbox 730 1177 802 1258; x_wconf 87' lang='lat' dir='ltr'><strong>Vll,</strong></span> <span class='ocrx_word' id='word_1_47' title='bbox 821 1179 862 1244; x_wconf 82' lang='lat'><strong>13</strong></span> <span class='ocrx_word' id='word_1_48' title='bbox 875 1178 913 1258; x_wconf 87' lang='grc' dir='ltr'><strong>Β,</strong></span> <span class='ocrx_word' id='word_1_49' title='bbox 930 1180 953 1245; x_wconf 86' lang='lat' dir='ltr'><strong>li</strong></span> <span class='ocrx_word' id='word_1_50' title='bbox 969 1186 1211 1265; x_wconf 69' lang='lat' dir='ltr'><strong>‘conhuminem</strong></span> 
     </span>
     <span class='ocr_line' id='line_1_7' title="bbox 87 1278 1214 1369; baseline 0.003 -19"><span class='ocrx_word' id='word_1_51' title='bbox 87 1288 133 1351; x_wconf 79' lang='lat' dir='ltr'><strong>scd</strong></span> <span class='ocrx_word' id='word_1_52' title='bbox 147 1306 263 1369; x_wconf 74' lang='lat' dir='ltr'><strong>scopas</strong></span> <span class='ocrx_word' id='word_1_53' title='bbox 277 1282 404 1348; x_wconf 84' lang='lat' dir='ltr'><strong>solutaa&#39;</strong></span> <span class='ocrx_word' id='word_1_54' title='bbox 420 1280 549 1365; x_wconf 84' lang='lat' dir='ltr'><strong>appellat</strong></span> <span class='ocrx_word' id='word_1_55' title='bbox 562 1291 594 1345; x_wconf 89' lang='lat' dir='ltr'><strong>et</strong></span> <span class='ocrx_word' id='word_1_56' title='bbox 608 1281 645 1346; x_wconf 91' lang='lat' dir='ltr'><strong>de</strong></span> <span class='ocrx_word' id='word_1_57' title='bbox 657 1303 716 1365; x_wconf 88' lang='lat' dir='ltr'><strong>quo</strong></span> <span class='ocrx_word' id='word_1_58' title='bbox 729 1305 746 1345; x_wconf 87' lang='lat' dir='ltr'><strong>a</strong></span> <span class='ocrx_word' id='word_1_59' title='bbox 760 1278 853 1347; x_wconf 85' lang='lat' dir='ltr'><strong>Caes.</strong></span> <span class='ocrx_word' id='word_1_60' title='bbox 871 1284 901 1346; x_wconf 95' lang='lat' dir='ltr'><strong>b.</strong></span> <span class='ocrx_word' id='word_1_61' title='bbox 912 1286 972 1348; x_wconf 91' lang='lat' dir='ltr'><strong>ciu.</strong></span> <span class='ocrx_word' id='word_1_62' title='bbox 989 1284 1031 1365; x_wconf 87' lang='grc'><strong>11,</strong></span> <span class='ocrx_word' id='word_1_63' title='bbox 1049 1287 1102 1364; x_wconf 79' lang='lat' dir='ltr'><strong>tt,</strong></span> <span class='ocrx_word' id='word_1_64' title='bbox 1120 1287 1140 1350; x_wconf 82' lang='lat'><strong>3</strong></span> <span class='ocrx_word' id='word_1_65' title='bbox 1156 1312 1214 1354; x_wconf 91' lang='lat' dir='ltr'><strong>nou</strong></span> 
     </span>
     <span class='ocr_line' id='line_1_8' title="bbox 86 1383 959 1473; baseline -0.003 -22"><span class='ocrx_word' id='word_1_66' title='bbox 86 1389 192 1473; x_wconf 75' lang='lat' dir='ltr'><strong>optima</strong></span> <span class='ocrx_word' id='word_1_67' title='bbox 206 1388 399 1465; x_wconf 75' lang='lat' dir='ltr'><strong>referuntur,</strong></span> <span class='ocrx_word' id='word_1_68' title='bbox 417 1387 506 1450; x_wconf 86' lang='lat' dir='ltr'><strong>bomo</strong></span> <span class='ocrx_word' id='word_1_69' title='bbox 519 1384 595 1449; x_wconf 81' lang='lat' dir='ltr'><strong>satis</strong></span> <span class='ocrx_word' id='word_1_70' title='bbox 609 1383 685 1448; x_wconf 86' lang='lat' dir='ltr'><strong>leuis</strong></span> <span class='ocrx_word' id='word_1_71' title='bbox 702 1385 793 1450; x_wconf 87' lang='lat' dir='ltr'><strong>luisse</strong></span> <span class='ocrx_word' id='word_1_72' title='bbox 808 1387 959 1450; x_wconf 89' lang='lat' dir='ltr'><strong>uideatur.</strong></span> 
     </span>
    </p>

    <p class='ocr_par' dir='ltr' id='par_1_3' title="bbox 83 1486 1218 2687">
     <span class='ocr_line' id='line_1_9' title="bbox 164 1486 1215 1575; baseline 0.003 -20"><span class='ocrx_word' id='word_1_73' title='bbox 164 1488 245 1574; x_wconf 72' lang='lat' dir='ltr'><strong>Sep.</strong></span> <span class='ocrx_word' id='word_1_74' title='bbox 264 1511 334 1575; x_wconf 87' lang='lat' dir='ltr'><strong>cap.</strong></span> <span class='ocrx_word' id='word_1_75' title='bbox 351 1491 383 1574; x_wconf 66' lang='grc' dir='ltr'><strong>ξ.</strong></span> <span class='ocrx_word' id='word_1_76' title='bbox 399 1490 420 1553; x_wconf 76' lang='grc'><strong>2</strong></span> <span class='ocrx_word' id='word_1_77' title='bbox 436 1491 478 1553; x_wconf 91' lang='lat' dir='ltr'><strong>ita</strong></span> <span class='ocrx_word' id='word_1_78' title='bbox 494 1488 608 1551; x_wconf 75' lang='lat' dir='ltr'><strong>editurz</strong></span> <span class='ocrx_word' id='word_1_79' title='bbox 633 1486 789 1569; x_wconf 78' lang='lat' dir='ltr'>‘polliceri</span> <span class='ocrx_word' id='word_1_80' title='bbox 804 1509 839 1554; x_wconf 85' lang='lat' dir='ltr'><strong>sc</strong></span> <span class='ocrx_word' id='word_1_81' title='bbox 856 1489 888 1552; x_wconf 93' lang='lat' dir='ltr'><strong>iu</strong></span> <span class='ocrx_word' id='word_1_82' title='bbox 904 1490 1090 1573; x_wconf 91' lang='lat' dir='ltr'><strong>prouinciam</strong></span> <span class='ocrx_word' id='word_1_83' title='bbox 1104 1494 1215 1558; x_wconf 88' lang='lat' dir='ltr'><strong>ituram</strong></span> 
     </span>
     <span class='ocr_line' id='line_1_10' title="bbox 84 1590 1217 1678; baseline 0.004 -21"><span class='ocrx_word' id='word_1_84' title='bbox 84 1614 188 1678; x_wconf 72' lang='lat' dir='ltr'><strong>nque,</strong></span> <span class='ocrx_word' id='word_1_85' title='bbox 206 1602 282 1657; x_wconf 80' lang='lat' dir='ltr'><strong>aute</strong></span> <span class='ocrx_word' id='word_1_86' title='bbox 297 1613 386 1675; x_wconf 61' lang='lat' dir='ltr'><strong>wem</strong></span> <span class='ocrx_word' id='word_1_87' title='bbox 401 1591 479 1656; x_wconf 88' lang='lat' dir='ltr'><strong>diem</strong></span> <span class='ocrx_word' id='word_1_88' title='bbox 494 1592 592 1656; x_wconf 87' lang='lat' dir='ltr'><strong>iturus</strong></span> <span class='ocrx_word' id='word_1_89' title='bbox 607 1591 659 1669; x_wconf 84' lang='lat' dir='ltr'><strong>sit,</strong></span> <span class='ocrx_word' id='word_1_90' title='bbox 684 1590 820 1668; x_wconf 87' lang='lat' dir='ltr'><strong>delinire,</strong></span> <span class='ocrx_word' id='word_1_91' title='bbox 845 1602 878 1655; x_wconf 87' lang='lat' dir='ltr'><strong>ut</strong></span> <span class='ocrx_word' id='word_1_92' title='bbox 892 1593 919 1656; x_wconf 88' lang='lat' dir='ltr'><strong>si</strong></span> <span class='ocrx_word' id='word_1_93' title='bbox 935 1605 1058 1677; x_wconf 89' lang='lat' dir='ltr'><strong>peraeto</strong></span> <span class='ocrx_word' id='word_1_94' title='bbox 1074 1592 1217 1661; x_wconf 78' lang='lat' dir='ltr'>Caesaris</span> 
     </span>
     <span class='ocr_line' id='line_1_11' title="bbox 83 1694 1217 1779; baseline 0 -18"><span class='ocrx_word' id='word_1_95' title='bbox 83 1696 243 1761; x_wconf 78' lang='lat' dir='ltr'><strong>consulatu</strong></span> <span class='ocrx_word' id='word_1_96' title='bbox 254 1694 422 1779; x_wconf 68' lang='lat' dir='ltr'><strong>Pompeius</strong></span> <span class='ocrx_word' id='word_1_97' title='bbox 437 1696 588 1778; x_wconf 83' lang='lat' dir='ltr'><strong>proiectus</strong></span> <span class='ocrx_word' id='word_1_98' title='bbox 604 1714 663 1757; x_wconf 87' lang='lat' dir='ltr'><strong>uon</strong></span> <span class='ocrx_word' id='word_1_99' title='bbox 681 1705 774 1770; x_wconf 87' lang='lat' dir='ltr'><strong>esset,</strong></span> <span class='ocrx_word' id='word_1_100' title='bbox 793 1694 873 1757; x_wconf 85' lang='lat' dir='ltr'><strong>uulla</strong></span> <span class='ocrx_word' id='word_1_101' title='bbox 889 1706 991 1760; x_wconf 88' lang='lat' dir='ltr'><strong>tamen</strong></span> <span class='ocrx_word' id='word_1_102' title='bbox 1006 1698 1154 1762; x_wconf 88' lang='lat' dir='ltr'><strong>mendacii</strong></span> <span class='ocrx_word' id='word_1_103' title='bbox 1169 1718 1217 1761; x_wconf 89' lang='lat' dir='ltr'><strong>re·</strong></span> 
     </span>
     <span class='ocr_line' id='line_1_12' title="bbox 84 1791 1217 1886; baseline 0 -23"><span class='ocrx_word' id='word_1_104' title='bbox 84 1800 193 1886; x_wconf 66' lang='lat' dir='ltr'><strong>ligiome</strong></span> <span class='ocrx_word' id='word_1_105' title='bbox 207 1797 377 1862; x_wconf 84' lang='lat' dir='ltr'><strong>obstrictus</strong></span> <span class='ocrx_word' id='word_1_106' title='bbox 391 1797 568 1861; x_wconf 84' lang='lat' dir='ltr'><strong>uideretur&#39;.</strong></span> <span class='ocrx_word' id='word_1_107' title='bbox 593 1791 826 1878; x_wconf 80' lang='lat' dir='ltr'><strong>Oudendorpius</strong></span> <span class='ocrx_word' id='word_1_108' title='bbox 842 1796 1061 1863; x_wconf 76' lang='lat' dir='ltr'><strong>baccaunotatc</strong></span> <span class='ocrx_word' id='word_1_109' title='bbox 1081 1800 1217 1863; x_wconf 86' lang='lat' dir='ltr'><strong>‘turbant</strong></span> 
     </span>
     <span class='ocr_line' id='line_1_13' title="bbox 85 1895 1218 1984; baseline -0.001 -17"><span class='ocrx_word' id='word_1_110' title='bbox 85 1903 152 1981; x_wconf 85' lang='lat' dir='ltr'><strong>lic‘‚</strong></span> <span class='ocrx_word' id='word_1_111' title='bbox 169 1901 284 1984; x_wconf 76' lang='lat' dir='ltr'><strong>inquit,</strong></span> <span class='ocrx_word' id='word_1_112' title='bbox 303 1907 391 1965; x_wconf 72' lang='lat' dir='ltr'><strong>‘mss</strong></span> <span class='ocrx_word' id='word_1_113' title='bbox 416 1896 451 1962; x_wconf 88' lang='lat' dir='ltr'><strong>Iu</strong></span> <span class='ocrx_word' id='word_1_114' title='bbox 465 1898 618 1982; x_wconf 85' lang='lat' dir='ltr'><strong>plerisque</strong></span> <span class='ocrx_word' id='word_1_115' title='bbox 635 1898 806 1964; x_wconf 87' lang='lat' dir='ltr'><strong>‘consulatu</strong></span> <span class='ocrx_word' id='word_1_116' title='bbox 822 1895 986 1965; x_wconf 85' lang='lat' dir='ltr'><strong>Caesaria&#39;.</strong></span> <span class='ocrx_word' id='word_1_117' title='bbox 1013 1899 1153 1966; x_wconf 87' lang='lat' dir='ltr'><strong>‘Caesar&#39;</strong></span> <span class='ocrx_word' id='word_1_118' title='bbox 1169 1914 1218 1967; x_wconf 87' lang='lat' dir='ltr'><strong>est</strong></span> 
     </span>
     <span class='ocr_line' id='line_1_14' title="bbox 85 1998 1213 2088; baseline -0.002 -19"><span class='ocrx_word' id='word_1_119' title='bbox 85 2007 112 2069; x_wconf 80' lang='lat' dir='ltr'><strong>ia</strong></span> <span class='ocrx_word' id='word_1_120' title='bbox 127 2002 225 2069; x_wconf 81' lang='lat' dir='ltr'><strong>Voss.</strong></span> <span class='ocrx_word' id='word_1_121' title='bbox 244 2024 301 2088; x_wconf 89' lang='lat' dir='ltr'><strong>pro</strong></span> <span class='ocrx_word' id='word_1_122' title='bbox 317 1998 516 2085; x_wconf 87' lang='lat' dir='ltr'><strong>‘Pompeius’</strong></span> <span class='ocrx_word' id='word_1_123' title='bbox 538 2001 569 2063; x_wconf 95' lang='lat' dir='ltr'><strong>in</strong></span> <span class='ocrx_word' id='word_1_124' title='bbox 585 1998 653 2065; x_wconf 87' lang='lat' dir='ltr'><strong>Pet.</strong></span> <span class='ocrx_word' id='word_1_125' title='bbox 672 2000 761 2066; x_wconf 86' lang='lat' dir='ltr'><strong>Leid.</strong></span> <span class='ocrx_word' id='word_1_126' title='bbox 779 2025 826 2088; x_wconf 91' lang='lat' dir='ltr'><strong>pr.</strong></span> <span class='ocrx_word' id='word_1_127' title='bbox 844 1998 950 2067; x_wconf 89' lang='lat' dir='ltr'><strong>Cuiac.</strong></span> <span class='ocrx_word' id='word_1_128' title='bbox 967 2002 1061 2068; x_wconf 86' lang='lat' dir='ltr'><strong>Voss.</strong></span> <span class='ocrx_word' id='word_1_129' title='bbox 1086 2001 1213 2069; x_wconf 87' lang='lat' dir='ltr'><strong>‘Cons’.</strong></span> 
     </span>
     <span class='ocr_line' id='line_1_15' title="bbox 85 2102 1216 2189; baseline -0.004 -16"><span class='ocrx_word' id='word_1_130' title='bbox 85 2110 169 2173; x_wconf 84' lang='lat' dir='ltr'><strong>deest</strong></span> <span class='ocrx_word' id='word_1_131' title='bbox 181 2109 216 2171; x_wconf 93' lang='lat' dir='ltr'><strong>iu</strong></span> <span class='ocrx_word' id='word_1_132' title='bbox 232 2104 356 2169; x_wconf 86' lang='lat' dir='ltr'><strong>Louau.</strong></span> <span class='ocrx_word' id='word_1_133' title='bbox 375 2105 459 2168; x_wconf 87' lang='lat' dir='ltr'><strong>‘uon’</strong></span> <span class='ocrx_word' id='word_1_134' title='bbox 476 2105 582 2168; x_wconf 83' lang='lat' dir='ltr'><strong>exulat</strong></span> <span class='ocrx_word' id='word_1_135' title='bbox 597 2125 712 2187; x_wconf 84' lang='lat' dir='ltr'><strong>quoque</strong></span> <span class='ocrx_word' id='word_1_136' title='bbox 728 2127 746 2169; x_wconf 92' lang='lat' dir='ltr'><strong>a</strong></span> <span class='ocrx_word' id='word_1_137' title='bbox 762 2102 833 2169; x_wconf 92' lang='lat' dir='ltr'><strong>Cui.</strong></span> <span class='ocrx_word' id='word_1_138' title='bbox 846 2102 913 2169; x_wconf 88' lang='lat' dir='ltr'><strong>Pet.</strong></span> <span class='ocrx_word' id='word_1_139' title='bbox 931 2105 1021 2170; x_wconf 83' lang='lat' dir='ltr'><strong>Lou&#39;.</strong></span> <span class='ocrx_word' id='word_1_140' title='bbox 1048 2104 1131 2169; x_wconf 88' lang='lat' dir='ltr'><strong>llaec</strong></span> <span class='ocrx_word' id='word_1_141' title='bbox 1147 2108 1216 2189; x_wconf 91' lang='lat' dir='ltr'><strong>quid</strong></span> 
     </span>
     <span class='ocr_line' id='line_1_16' title="bbox 86 2203 1217 2294; baseline -0.001 -20"><span class='ocrx_word' id='word_1_142' title='bbox 86 2211 144 2274; x_wconf 87' lang='lat' dir='ltr'><strong>sibi</strong></span> <span class='ocrx_word' id='word_1_143' title='bbox 165 2210 275 2285; x_wconf 71' lang='lat' dir='ltr'><strong>uelint,</strong></span> <span class='ocrx_word' id='word_1_144' title='bbox 300 2209 447 2292; x_wconf 83' lang='lat' dir='ltr'><strong>scriptura</strong></span> <span class='ocrx_word' id='word_1_145' title='bbox 472 2203 542 2270; x_wconf 90' lang='lat' dir='ltr'><strong>Par.</strong></span> <span class='ocrx_word' id='word_1_146' title='bbox 567 2228 629 2271; x_wconf 86' lang='lat' dir='ltr'><strong>sec.</strong></span> <span class='ocrx_word' id='word_1_147' title='bbox 650 2207 849 2286; x_wconf 87' lang='lat' dir='ltr'><strong>demonstrat,</strong></span> <span class='ocrx_word' id='word_1_148' title='bbox 872 2208 903 2270; x_wconf 94' lang='lat' dir='ltr'><strong>in</strong></span> <span class='ocrx_word' id='word_1_149' title='bbox 926 2229 983 2290; x_wconf 82' lang='lat' dir='ltr'><strong>qao</strong></span> <span class='ocrx_word' id='word_1_150' title='bbox 1005 2209 1076 2273; x_wconf 89' lang='lat' dir='ltr'><strong>mibi</strong></span> <span class='ocrx_word' id='word_1_151' title='bbox 1098 2210 1139 2273; x_wconf 87' lang='lat' dir='ltr'><strong>ita</strong></span> <span class='ocrx_word' id='word_1_152' title='bbox 1155 2208 1217 2294; x_wconf 76' lang='lat' dir='ltr'><strong>legi</strong></span> 
     </span>
     <span class='ocr_line' id='line_1_17' title="bbox 89 2308 1216 2394; baseline -0.001 -18"><span class='ocrx_word' id='word_1_153' title='bbox 89 2322 233 2376; x_wconf 76' lang='lat' dir='ltr'><strong>notaturc</strong></span> <span class='ocrx_word' id='word_1_154' title='bbox 251 2317 301 2373; x_wconf 83' lang='lat' dir='ltr'><strong>‘ut</strong></span> <span class='ocrx_word' id='word_1_155' title='bbox 313 2310 467 2394; x_wconf 78' lang='lat' dir='ltr'><strong>aiperactu</strong></span> <span class='ocrx_word' id='word_1_156' title='bbox 482 2318 567 2373; x_wconf 71' lang='lat' dir='ltr'><strong>cunt.</strong></span> <span class='ocrx_word' id='word_1_157' title='bbox 579 2308 722 2374; x_wconf 78' lang='lat' dir='ltr'><strong>Caesaris</strong></span> <span class='ocrx_word' id='word_1_158' title='bbox 737 2319 823 2373; x_wconf 74' lang='lat' dir='ltr'><strong>cons.</strong></span> <span class='ocrx_word' id='word_1_159' title='bbox 842 2312 1013 2394; x_wconf 84' lang='lat' dir='ltr'><strong>praelectus</strong></span> <span class='ocrx_word' id='word_1_160' title='bbox 1028 2322 1111 2375; x_wconf 85' lang='lat' dir='ltr'><strong>esset</strong></span> <span class='ocrx_word' id='word_1_161' title='bbox 1124 2311 1216 2376; x_wconf 85' lang='lat' dir='ltr'><strong>nulla’</strong></span> 
     </span>
     <span class='ocr_line' id='line_1_18' title="bbox 88 2408 1218 2497; baseline -0.002 -18"><span class='ocrx_word' id='word_1_162' title='bbox 88 2426 165 2479; x_wconf 85' lang='lat' dir='ltr'><strong>cett.</strong></span> <span class='ocrx_word' id='word_1_163' title='bbox 187 2410 307 2497; x_wconf 73' lang='lat' dir='ltr'><strong>Scripsi</strong></span> <span class='ocrx_word' id='word_1_164' title='bbox 318 2411 410 2497; x_wconf 75' lang='lat' dir='ltr'><strong>igitur</strong></span> <span class='ocrx_word' id='word_1_165' title='bbox 425 2419 472 2474; x_wconf 90' lang='lat' dir='ltr'><strong>‘ut</strong></span> <span class='ocrx_word' id='word_1_166' title='bbox 485 2412 511 2474; x_wconf 87' lang='lat' dir='ltr'><strong>si</strong></span> <span class='ocrx_word' id='word_1_167' title='bbox 527 2423 648 2495; x_wconf 88' lang='lat' dir='ltr'><strong>peracto</strong></span> <span class='ocrx_word' id='word_1_168' title='bbox 664 2414 822 2476; x_wconf 76' lang='lat' dir='ltr'><strong>consulatu</strong></span> <span class='ocrx_word' id='word_1_169' title='bbox 832 2408 977 2476; x_wconf 78' lang='lat' dir='ltr'><strong>Caesaris</strong></span> <span class='ocrx_word' id='word_1_170' title='bbox 993 2433 1053 2475; x_wconf 92' lang='lat' dir='ltr'><strong>non</strong></span> <span class='ocrx_word' id='word_1_171' title='bbox 1065 2414 1218 2497; x_wconf 86' lang='lat' dir='ltr'><strong>proiectus</strong></span> 
     </span>
     <span class='ocr_line' id='line_1_19' title="bbox 87 2515 1218 2600; baseline -0.003 -17"><span class='ocrx_word' id='word_1_172' title='bbox 87 2517 198 2583; x_wconf 79' lang='lat' dir='ltr'><strong>esset&#39;.</strong></span> <span class='ocrx_word' id='word_1_173' title='bbox 237 2515 340 2599; x_wconf 79' lang='lat' dir='ltr'><strong>Atque</strong></span> <span class='ocrx_word' id='word_1_174' title='bbox 367 2535 405 2579; x_wconf 87' lang='lat' dir='ltr'><strong>eo</strong></span> <span class='ocrx_word' id='word_1_175' title='bbox 427 2515 494 2579; x_wconf 91' lang='lat' dir='ltr'><strong>loco</strong></span> <span class='ocrx_word' id='word_1_176' title='bbox 516 2516 661 2599; x_wconf 87' lang='lat' dir='ltr'><strong>particula</strong></span> <span class='ocrx_word' id='word_1_177' title='bbox 681 2517 823 2600; x_wconf 83' lang='lat' dir='ltr'><strong>negatiua</strong></span> <span class='ocrx_word' id='word_1_178' title='bbox 845 2516 959 2580; x_wconf 83' lang='lat' dir='ltr'><strong>rectius</strong></span> <span class='ocrx_word' id='word_1_179' title='bbox 981 2515 1121 2599; x_wconf 89' lang='lat' dir='ltr'><strong>ponitur,</strong></span> <span class='ocrx_word' id='word_1_180' title='bbox 1149 2516 1218 2599; x_wconf 86' lang='lat' dir='ltr'><strong>quia</strong></span> 
     </span>
     <span class='ocr_line' id='line_1_20' title="bbox 85 2617 595 2687; baseline -0.014 -1"><span class='ocrx_word' id='word_1_181' title='bbox 85 2620 233 2687; x_wconf 83' lang='lat' dir='ltr'><strong>orationis</strong></span> <span class='ocrx_word' id='word_1_182' title='bbox 248 2619 297 2683; x_wconf 82' lang='lat' dir='ltr'><strong>uis</strong></span> <span class='ocrx_word' id='word_1_183' title='bbox 310 2619 344 2683; x_wconf 91' lang='lat' dir='ltr'><strong>iu</strong></span> <span class='ocrx_word' id='word_1_184' title='bbox 359 2638 425 2682; x_wconf 88' lang='lat' dir='ltr'><strong>eam</strong></span> <span class='ocrx_word' id='word_1_185' title='bbox 439 2617 595 2681; x_wconf 80' lang='lat' dir='ltr'><strong>incumbit.</strong></span> 
     </span>
    </p>

    <p class='ocr_par' dir='ltr' id='par_1_4' title="bbox 88 2715 1226 4454">
     <span class='ocr_line' id='line_1_21' title="bbox 168 2715 1217 2806; baseline -0.006 -18"><span class='ocrx_word' id='word_1_186' title='bbox 168 2719 210 2788; x_wconf 90' lang='lat' dir='ltr'><strong>C.</strong></span> <span class='ocrx_word' id='word_1_187' title='bbox 229 2720 323 2800; x_wconf 77' lang='grc'><strong>11,1</strong></span> <span class='ocrx_word' id='word_1_188' title='bbox 347 2722 421 2785; x_wconf 87' lang='lat' dir='ltr'><strong>baec</strong></span> <span class='ocrx_word' id='word_1_189' title='bbox 441 2720 588 2786; x_wconf 85' lang='lat' dir='ltr'><strong>eduntur:</strong></span> <span class='ocrx_word' id='word_1_190' title='bbox 608 2722 873 2806; x_wconf 60' lang='lat' dir='ltr'><strong>‘gladiatoresque</strong></span> <span class='ocrx_word' id='word_1_191' title='bbox 891 2742 965 2804; x_wconf 85' lang='lat' dir='ltr'><strong>quus</strong></span> <span class='ocrx_word' id='word_1_192' title='bbox 986 2720 1028 2784; x_wconf 93' lang='lat' dir='ltr'><strong>ibi</strong></span> <span class='ocrx_word' id='word_1_193' title='bbox 1049 2715 1166 2784; x_wconf 89' lang='lat' dir='ltr'><strong>Caesar</strong></span> <span class='ocrx_word' id='word_1_194' title='bbox 1186 2719 1217 2783; x_wconf 90' lang='lat' dir='ltr'><strong>in</strong></span> 
     </span>
     <span class='ocr_line' id='line_1_22' title="bbox 88 2823 1218 2910; baseline -0.005 -19"><span class='ocrx_word' id='word_1_195' title='bbox 88 2829 153 2892; x_wconf 85' lang='lat' dir='ltr'><strong>lado</strong></span> <span class='ocrx_word' id='word_1_196' title='bbox 168 2825 319 2901; x_wconf 82' lang='lat' dir='ltr'><strong>babebat,</strong></span> <span class='ocrx_word' id='word_1_197' title='bbox 343 2824 493 2888; x_wconf 82' lang='lat' dir='ltr'><strong>adfurum</strong></span> <span class='ocrx_word' id='word_1_198' title='bbox 509 2825 669 2910; x_wconf 85' lang='lat' dir='ltr'><strong>productos</strong></span> <span class='ocrx_word' id='word_1_199' title='bbox 683 2824 832 2889; x_wconf 83' lang='lat' dir='ltr'><strong>Lentulus</strong></span> <span class='ocrx_word' id='word_1_200' title='bbox 848 2825 978 2890; x_wconf 81' lang='lat' dir='ltr'><strong>libertati</strong></span> <span class='ocrx_word' id='word_1_201' title='bbox 995 2823 1152 2889; x_wconf 84' lang='lat' dir='ltr'><strong>confirmat</strong></span> <span class='ocrx_word' id='word_1_202' title='bbox 1172 2832 1218 2886; x_wconf 90' lang='lat' dir='ltr'><strong>at-</strong></span> 
     </span>
     <span class='ocr_line' id='line_1_23' title="bbox 89 2925 1217 3014; baseline -0.005 -19"><span class='ocrx_word' id='word_1_203' title='bbox 89 2952 143 3013; x_wconf 77' lang='lat' dir='ltr'><strong>que</strong></span> <span class='ocrx_word' id='word_1_204' title='bbox 162 2930 204 2994; x_wconf 82' lang='lat' dir='ltr'><strong>iia</strong></span> <span class='ocrx_word' id='word_1_205' title='bbox 224 2948 323 3012; x_wconf 76' lang='lat' dir='ltr'><strong>equos</strong></span> <span class='ocrx_word' id='word_1_206' title='bbox 336 2927 474 2991; x_wconf 85' lang='lat' dir='ltr'><strong>attribuit</strong></span> <span class='ocrx_word' id='word_1_207' title='bbox 492 2938 524 2991; x_wconf 92' lang='lat' dir='ltr'><strong>et</strong></span> <span class='ocrx_word' id='word_1_208' title='bbox 546 2927 679 3010; x_wconf 86' lang='lat' dir='ltr'><strong>sesequi</strong></span> <span class='ocrx_word' id='word_1_209' title='bbox 695 2927 799 2991; x_wconf 83' lang='lat' dir='ltr'><strong>iussit:</strong></span> <span class='ocrx_word' id='word_1_210' title='bbox 818 2950 893 3011; x_wconf 86' lang='lat' dir='ltr'><strong>quos</strong></span> <span class='ocrx_word' id='word_1_211' title='bbox 915 2940 1018 3014; x_wconf 89' lang='lat' dir='ltr'><strong>postea</strong></span> <span class='ocrx_word' id='word_1_212' title='bbox 1034 2928 1165 2991; x_wconf 86' lang='lat' dir='ltr'><strong>monitus</strong></span> <span class='ocrx_word' id='word_1_213' title='bbox 1179 2925 1217 2989; x_wconf 91' lang='lat' dir='ltr'><strong>ab</strong></span> 
     </span>
     <span class='ocr_line' id='line_1_24' title="bbox 88 3029 1219 3115; baseline -0.004 -18"><span class='ocrx_word' id='word_1_214' title='bbox 88 3034 161 3109; x_wconf 85' lang='lat' dir='ltr'><strong>suis,</strong></span> <span class='ocrx_word' id='word_1_215' title='bbox 177 3030 261 3115; x_wconf 86' lang='lat' dir='ltr'><strong>quod</strong></span> <span class='ocrx_word' id='word_1_216' title='bbox 277 3051 314 3093; x_wconf 84' lang='lat' dir='ltr'><strong>ea</strong></span> <span class='ocrx_word' id='word_1_217' title='bbox 329 3050 378 3094; x_wconf 86' lang='lat' dir='ltr'><strong>rea</strong></span> <span class='ocrx_word' id='word_1_218' title='bbox 394 3030 525 3093; x_wconf 88' lang='lat' dir='ltr'><strong>omnium</strong></span> <span class='ocrx_word' id='word_1_219' title='bbox 541 3029 651 3094; x_wconf 91' lang='lat' dir='ltr'><strong>iudicio</strong></span> <span class='ocrx_word' id='word_1_220' title='bbox 667 3031 950 3114; x_wconf 78' lang='lat' dir='ltr'><strong>reprehendebatur,</strong></span> <span class='ocrx_word' id='word_1_221' title='bbox 969 3034 1080 3097; x_wconf 74' lang='lat' dir='ltr'><strong>(circum</strong></span> <span class='ocrx_word' id='word_1_222' title='bbox 1091 3030 1219 3101; x_wconf 68' lang='lat' dir='ltr'><strong>‚familia-</strong></span> 
     </span>
     <span class='ocr_line' id='line_1_25' title="bbox 88 3128 1217 3218; baseline -0.004 -19"><span class='ocrx_word' id='word_1_223' title='bbox 88 3156 137 3199; x_wconf 84' lang='lat' dir='ltr'><strong>res</strong></span> <span class='ocrx_word' id='word_1_224' title='bbox 150 3144 325 3199; x_wconf 88' lang='lat' dir='ltr'><strong>conuentus</strong></span> <span class='ocrx_word' id='word_1_225' title='bbox 340 3128 524 3218; x_wconf 77' lang='lat' dir='ltr'><strong>Campaniae</strong></span> <span class='ocrx_word' id='word_1_226' title='bbox 539 3133 694 3197; x_wconf 80' lang='lat' dir='ltr'><strong>custodiae</strong></span> <span class='ocrx_word' id='word_1_227' title='bbox 709 3155 803 3198; x_wconf 83' lang='lat' dir='ltr'><strong>causa</strong></span> <span class='ocrx_word' id='word_1_228' title='bbox 818 3134 989 3199; x_wconf 86' lang='lat' dir='ltr'><strong>distribuit&#39;.</strong></span> <span class='ocrx_word' id='word_1_229' title='bbox 1023 3132 1139 3197; x_wconf 84' lang='lat' dir='ltr'><strong>Verum</strong></span> <span class='ocrx_word' id='word_1_230' title='bbox 1156 3130 1217 3196; x_wconf 86' lang='lat' dir='ltr'><strong>La·</strong></span> 
     </span>
     <span class='ocr_line' id='line_1_26' title="bbox 90 3234 1221 3325; baseline -0.006 -22"><span class='ocrx_word' id='word_1_231' title='bbox 90 3240 149 3303; x_wconf 89' lang='lat' dir='ltr'><strong>tine</strong></span> <span class='ocrx_word' id='word_1_232' title='bbox 162 3238 352 3325; x_wconf 76' lang='lat' dir='ltr'><strong>gladiatores</strong></span> <span class='ocrx_word' id='word_1_233' title='bbox 365 3235 495 3301; x_wconf 87' lang='lat' dir='ltr'><strong>libertati</strong></span> <span class='ocrx_word' id='word_1_234' title='bbox 511 3256 572 3299; x_wconf 89' lang='lat' dir='ltr'><strong>non</strong></span> <span class='ocrx_word' id='word_1_235' title='bbox 587 3237 815 3313; x_wconf 78' lang='lat' dir='ltr'><strong>confirmantur,</strong></span> <span class='ocrx_word' id='word_1_236' title='bbox 832 3236 955 3299; x_wconf 86' lang='lat' dir='ltr'><strong>libertas</strong></span> <span class='ocrx_word' id='word_1_237' title='bbox 971 3236 1141 3298; x_wconf 80' lang='lat' dir='ltr'><strong>confirmari</strong></span> <span class='ocrx_word' id='word_1_238' title='bbox 1158 3234 1221 3315; x_wconf 72' lang='lat' dir='ltr'><strong>gla-</strong></span> 
     </span>
     <span class='ocr_line' id='line_1_27' title="bbox 90 3336 1221 3424; baseline -0.008 -18"><span class='ocrx_word' id='word_1_239' title='bbox 90 3341 257 3406; x_wconf 76' lang='lat' dir='ltr'><strong>diatoribus</strong></span> <span class='ocrx_word' id='word_1_240' title='bbox 280 3350 399 3423; x_wconf 84' lang='lat' dir='ltr'><strong>potest,</strong></span> <span class='ocrx_word' id='word_1_241' title='bbox 423 3360 490 3402; x_wconf 88' lang='lat' dir='ltr'><strong>eum</strong></span> <span class='ocrx_word' id='word_1_242' title='bbox 514 3339 662 3424; x_wconf 88' lang='lat' dir='ltr'><strong>promissa</strong></span> <span class='ocrx_word' id='word_1_243' title='bbox 685 3350 738 3401; x_wconf 92' lang='lat' dir='ltr'><strong>aut</strong></span> <span class='ocrx_word' id='word_1_244' title='bbox 764 3339 833 3402; x_wconf 89' lang='lat' dir='ltr'><strong>data</strong></span> <span class='ocrx_word' id='word_1_245' title='bbox 857 3338 1027 3414; x_wconf 79' lang='lat' dir='ltr'><strong>stabilitur3</strong></span> <span class='ocrx_word' id='word_1_246' title='bbox 1052 3336 1100 3398; x_wconf 86' lang='lat' dir='ltr'><strong>bic</strong></span> <span class='ocrx_word' id='word_1_247' title='bbox 1122 3344 1221 3398; x_wconf 86' lang='lat' dir='ltr'><strong>autem</strong></span> 
     </span>
     <span class='ocr_line' id='line_1_28' title="bbox 91 3436 1221 3529; baseline -0.006 -20"><span class='ocrx_word' id='word_1_248' title='bbox 91 3446 238 3529; x_wconf 73' lang='lat' dir='ltr'><strong>promissa</strong></span> <span class='ocrx_word' id='word_1_249' title='bbox 258 3442 384 3506; x_wconf 87' lang='lat' dir='ltr'><strong>dicenda</strong></span> <span class='ocrx_word' id='word_1_250' title='bbox 399 3453 476 3505; x_wconf 87' lang='lat' dir='ltr'><strong>erat.</strong></span> <span class='ocrx_word' id='word_1_251' title='bbox 515 3439 551 3505; x_wconf 92' lang='lat' dir='ltr'><strong>Iu</strong></span> <span class='ocrx_word' id='word_1_252' title='bbox 570 3440 643 3506; x_wconf 87' lang='lat' dir='ltr'><strong>Par.</strong></span> <span class='ocrx_word' id='word_1_253' title='bbox 662 3463 725 3505; x_wconf 87' lang='lat' dir='ltr'><strong>sec.</strong></span> <span class='ocrx_word' id='word_1_254' title='bbox 744 3436 829 3504; x_wconf 88' lang='lat' dir='ltr'><strong>Scal.</strong></span> <span class='ocrx_word' id='word_1_255' title='bbox 848 3437 918 3504; x_wconf 90' lang='lat' dir='ltr'><strong>Cui.</strong></span> <span class='ocrx_word' id='word_1_256' title='bbox 936 3439 1047 3520; x_wconf 85' lang='lat' dir='ltr'><strong>legitur</strong></span> <span class='ocrx_word' id='word_1_257' title='bbox 1061 3437 1221 3502; x_wconf 83' lang='lat' dir='ltr'><strong>‘libertatis</strong></span> 
     </span>
     <span class='ocr_line' id='line_1_29' title="bbox 92 3540 1221 3629; baseline -0.004 -19"><span class='ocrx_word' id='word_1_258' title='bbox 92 3547 274 3624; x_wconf 80' lang='lat' dir='ltr'><strong>confirmat’,</strong></span> <span class='ocrx_word' id='word_1_259' title='bbox 290 3545 369 3608; x_wconf 89' lang='lat' dir='ltr'><strong>uude</strong></span> <span class='ocrx_word' id='word_1_260' title='bbox 388 3546 422 3609; x_wconf 91' lang='lat' dir='ltr'><strong>iu</strong></span> <span class='ocrx_word' id='word_1_261' title='bbox 443 3542 533 3608; x_wconf 87' lang='lat' dir='ltr'><strong>Leid.</strong></span> <span class='ocrx_word' id='word_1_262' title='bbox 551 3565 598 3629; x_wconf 91' lang='lat' dir='ltr'><strong>pr.</strong></span> <span class='ocrx_word' id='word_1_263' title='bbox 617 3546 756 3608; x_wconf 84' lang='lat' dir='ltr'><strong>ellectum</strong></span> <span class='ocrx_word' id='word_1_264' title='bbox 778 3554 826 3607; x_wconf 86' lang='lat' dir='ltr'><strong>est</strong></span> <span class='ocrx_word' id='word_1_265' title='bbox 848 3543 898 3606; x_wconf 88' lang='lat' dir='ltr'><strong>‘in</strong></span> <span class='ocrx_word' id='word_1_266' title='bbox 924 3540 1092 3605; x_wconf 89' lang='lat' dir='ltr'><strong>libertatem</strong></span> <span class='ocrx_word' id='word_1_267' title='bbox 1113 3541 1221 3605; x_wconf 80' lang='lat' dir='ltr'><strong>conlit-</strong></span> 
     </span>
     <span class='ocr_line' id='line_1_30' title="bbox 92 3646 1221 3732; baseline -0.005 -20"><span class='ocrx_word' id='word_1_268' title='bbox 92 3654 172 3712; x_wconf 78' lang='lat' dir='ltr'><strong>nat‘.</strong></span> <span class='ocrx_word' id='word_1_269' title='bbox 212 3646 269 3712; x_wconf 89' lang='lat' dir='ltr'><strong>IIla</strong></span> <span class='ocrx_word' id='word_1_270' title='bbox 291 3648 441 3732; x_wconf 88' lang='lat' dir='ltr'><strong>scriptura</strong></span> <span class='ocrx_word' id='word_1_271' title='bbox 462 3669 566 3711; x_wconf 88' lang='lat' dir='ltr'><strong>uocem</strong></span> <span class='ocrx_word' id='word_1_272' title='bbox 589 3649 718 3731; x_wconf 86' lang='lat' dir='ltr'><strong>aliquam</strong></span> <span class='ocrx_word' id='word_1_273' title='bbox 733 3646 884 3711; x_wconf 80' lang='lat' dir='ltr'><strong>excidisse</strong></span> <span class='ocrx_word' id='word_1_274' title='bbox 899 3647 1104 3722; x_wconf 87' lang='lat' dir='ltr'><strong>demonstrat,</strong></span> <span class='ocrx_word' id='word_1_275' title='bbox 1128 3665 1221 3726; x_wconf 87' lang='lat' dir='ltr'><strong>aqua</strong></span> 
     </span>
     <span class='ocr_line' id='line_1_31' title="bbox 91 3746 1222 3836; baseline -0.008 -21"><span class='ocrx_word' id='word_1_276' title='bbox 91 3752 244 3836; x_wconf 79' lang='lat' dir='ltr'><strong>genitiuus</strong></span> <span class='ocrx_word' id='word_1_277' title='bbox 257 3760 346 3834; x_wconf 85' lang='lat' dir='ltr'><strong>¹aptus</strong></span> <span class='ocrx_word' id='word_1_278' title='bbox 364 3751 464 3815; x_wconf 84' lang='lat' dir='ltr'><strong>luerit.</strong></span> <span class='ocrx_word' id='word_1_279' title='bbox 488 3748 568 3813; x_wconf 88' lang='lat' dir='ltr'><strong>Nam</strong></span> <span class='ocrx_word' id='word_1_280' title='bbox 583 3751 747 3835; x_wconf 77' lang='lat' dir='ltr'><strong>genitiuum</strong></span> <span class='ocrx_word' id='word_1_281' title='bbox 763 3748 956 3813; x_wconf 87' lang='lat' dir='ltr'><strong>conlirmandi</strong></span> <span class='ocrx_word' id='word_1_282' title='bbox 972 3747 1066 3811; x_wconf 88' lang='lat' dir='ltr'><strong>uerbo</strong></span> <span class='ocrx_word' id='word_1_283' title='bbox 1081 3746 1222 3830; x_wconf 73' lang='lat' dir='ltr'><strong>coniungi</strong></span> 
     </span>
     <span class='ocr_line' id='line_1_32' title="bbox 91 3847 1220 3938; baseline -0.01 -18"><span class='ocrx_word' id='word_1_284' title='bbox 91 3874 178 3938; x_wconf 78' lang='lat' dir='ltr'><strong>posse</strong></span> <span class='ocrx_word' id='word_1_285' title='bbox 201 3853 322 3918; x_wconf 85' lang='lat' dir='ltr'><strong>ludibrii</strong></span> <span class='ocrx_word' id='word_1_286' title='bbox 344 3874 447 3935; x_wconf 82' lang='lat' dir='ltr'><strong>causa,</strong></span> <span class='ocrx_word' id='word_1_287' title='bbox 465 3863 556 3938; x_wconf 88' lang='lat' dir='ltr'><strong>puto,</strong></span> <span class='ocrx_word' id='word_1_288' title='bbox 580 3854 787 3937; x_wconf 84' lang='lat' dir='ltr'><strong>aquibusdum</strong></span> <span class='ocrx_word' id='word_1_289' title='bbox 803 3853 957 3916; x_wconf 84' lang='lat' dir='ltr'><strong>defensum</strong></span> <span class='ocrx_word' id='word_1_290' title='bbox 973 3862 1032 3914; x_wconf 89' lang='lat' dir='ltr'><strong>est.</strong></span> <span class='ocrx_word' id='word_1_291' title='bbox 1067 3847 1220 3933; x_wconf 80' lang='lat' dir='ltr'><strong>Scriptum</strong></span> 
     </span>
     <span class='ocr_line' id='line_1_33' title="bbox 91 3950 1224 4042; baseline -0.007 -21"><span class='ocrx_word' id='word_1_292' title='bbox 91 3956 162 4035; x_wconf 76' lang='lat' dir='ltr'><strong>tuit,</strong></span> <span class='ocrx_word' id='word_1_293' title='bbox 186 3957 219 4020; x_wconf 93' lang='lat' dir='ltr'><strong>ni</strong></span> <span class='ocrx_word' id='word_1_294' title='bbox 244 3956 352 4028; x_wconf 83' lang='lat' dir='ltr'><strong>fallor,</strong></span> <span class='ocrx_word' id='word_1_295' title='bbox 372 3964 439 4042; x_wconf 76' lang='lat' dir='ltr'><strong>‘ope</strong></span> <span class='ocrx_word' id='word_1_296' title='bbox 459 3956 607 4021; x_wconf 81' lang='lat' dir='ltr'><strong>libertatis</strong></span> <span class='ocrx_word' id='word_1_297' title='bbox 629 3955 808 4019; x_wconf 86' lang='lat' dir='ltr'><strong>conlirmat&#39;.</strong></span> <span class='ocrx_word' id='word_1_298' title='bbox 846 3952 930 4019; x_wconf 85' lang='lat' dir='ltr'><strong>Infra</strong></span> <span class='ocrx_word' id='word_1_299' title='bbox 951 3975 1006 4039; x_wconf 91' lang='lat' dir='ltr'><strong>pro</strong></span> <span class='ocrx_word' id='word_1_300' title='bbox 1029 3950 1224 4016; x_wconf 79' lang='lat' dir='ltr'><strong>familiaribus</strong></span> 
     </span>
     <span class='ocr_line' id='line_1_34' title="bbox 91 4051 1225 4140; baseline -0.009 -17"><span class='ocrx_word' id='word_1_301' title='bbox 91 4072 172 4125; x_wconf 87' lang='lat' dir='ltr'><strong>reete</strong></span> <span class='ocrx_word' id='word_1_302' title='bbox 195 4057 344 4123; x_wconf 81' lang='lat' dir='ltr'><strong>Dauisius</strong></span> <span class='ocrx_word' id='word_1_303' title='bbox 366 4059 497 4123; x_wconf 89' lang='lat' dir='ltr'><strong>coniecit</strong></span> <span class='ocrx_word' id='word_1_304' title='bbox 514 4057 675 4123; x_wconf 84' lang='lat' dir='ltr'><strong>‘familias’.</strong></span> <span class='ocrx_word' id='word_1_305' title='bbox 715 4057 866 4135; x_wconf 80' lang='lat' dir='ltr'><strong>Vrsinus,</strong></span> <span class='ocrx_word' id='word_1_306' title='bbox 890 4058 957 4121; x_wconf 91' lang='lat' dir='ltr'><strong>siue</strong></span> <span class='ocrx_word' id='word_1_307' title='bbox 979 4055 1076 4140; x_wconf 85' lang='lat' dir='ltr'><strong>potius</strong></span> <span class='ocrx_word' id='word_1_308' title='bbox 1099 4051 1225 4118; x_wconf 86' lang='lat' dir='ltr'><strong>Ciaecu·</strong></span> 
     </span>
     <span class='ocr_line' id='line_1_35' title="bbox 94 4154 1225 4247; baseline -0.011 -21"><span class='ocrx_word' id='word_1_309' title='bbox 94 4164 176 4242; x_wconf 79' lang='lat' dir='ltr'><strong>nius,</strong></span> <span class='ocrx_word' id='word_1_310' title='bbox 203 4162 284 4247; x_wconf 83' lang='lat' dir='ltr'><strong>quod</strong></span> <span class='ocrx_word' id='word_1_311' title='bbox 303 4158 416 4227; x_wconf 88' lang='lat' dir='ltr'><strong>Cicero</strong></span> <span class='ocrx_word' id='word_1_312' title='bbox 437 4162 475 4226; x_wconf 89' lang='lat' dir='ltr'><strong>ad</strong></span> <span class='ocrx_word' id='word_1_313' title='bbox 496 4160 565 4225; x_wconf 78' lang='lat' dir='ltr'><strong>Art.</strong></span> <span class='ocrx_word' id='word_1_314' title='bbox 583 4158 657 4239; x_wconf 90' lang='lat' dir='ltr'><strong>vlt,</strong></span> <span class='ocrx_word' id='word_1_315' title='bbox 677 4160 769 4235; x_wconf 65' lang='lat' dir='ltr'><strong>tm</strong></span> <span class='ocrx_word' id='word_1_316' title='bbox 792 4161 878 4223; x_wconf 89' lang='lat' dir='ltr'><strong>binos</strong></span> <span class='ocrx_word' id='word_1_317' title='bbox 894 4156 1075 4243; x_wconf 78' lang='lat' dir='ltr'><strong>gladiatores</strong></span> <span class='ocrx_word' id='word_1_318' title='bbox 1097 4154 1225 4239; x_wconf 73' lang='lat' dir='ltr'><strong>singulis</strong></span> 
     </span>
     <span class='ocr_line' id='line_1_36' title="bbox 94 4258 1226 4348; baseline -0.011 -17"><span class='ocrx_word' id='word_1_319' title='bbox 94 4265 228 4348; x_wconf 75' lang='lat' dir='ltr'><strong>patribus</strong></span> <span class='ocrx_word' id='word_1_320' title='bbox 251 4265 432 4330; x_wconf 78' lang='lat' dir='ltr'><strong>familiarum</strong></span> <span class='ocrx_word' id='word_1_321' title='bbox 454 4264 631 4331; x_wconf 83' lang='lat' dir='ltr'><strong>distributos</strong></span> <span class='ocrx_word' id='word_1_322' title='bbox 653 4262 778 4341; x_wconf 84' lang='lat' dir='ltr'><strong>scribit,</strong></span> <span class='ocrx_word' id='word_1_323' title='bbox 801 4263 850 4327; x_wconf 90' lang='lat' dir='ltr'><strong>bie</strong></span> <span class='ocrx_word' id='word_1_324' title='bbox 872 4260 1000 4324; x_wconf 86' lang='lat' dir='ltr'><strong>‘circum</strong></span> <span class='ocrx_word' id='word_1_325' title='bbox 1023 4258 1154 4322; x_wconf 78' lang='lat' dir='ltr'><strong>familiae</strong></span> <span class='ocrx_word' id='word_1_326' title='bbox 1174 4275 1226 4341; x_wconf 79' lang='lat' dir='ltr'><strong>pa·</strong></span> 
     </span>
     <span class='ocr_line' id='line_1_37' title="bbox 95 4362 1088 4454; baseline -0.01 -21"><span class='ocrx_word' id='word_1_327' title='bbox 95 4370 162 4433; x_wconf 79' lang='lat' dir='ltr'><strong>tres’</strong></span> <span class='ocrx_word' id='word_1_328' title='bbox 178 4389 297 4454; x_wconf 85' lang='lat' dir='ltr'><strong>ponere</strong></span> <span class='ocrx_word' id='word_1_329' title='bbox 313 4369 446 4446; x_wconf 90' lang='lat' dir='ltr'><strong>uolebat,</strong></span> <span class='ocrx_word' id='word_1_330' title='bbox 464 4389 541 4454; x_wconf 83' lang='lat' dir='ltr'><strong>quae</strong></span> <span class='ocrx_word' id='word_1_331' title='bbox 555 4368 713 4431; x_wconf 86' lang='lat' dir='ltr'><strong>collocatio</strong></span> <span class='ocrx_word' id='word_1_332' title='bbox 727 4365 890 4431; x_wconf 87' lang='lat' dir='ltr'><strong>uerborum</strong></span> <span class='ocrx_word' id='word_1_333' title='bbox 904 4362 1016 4426; x_wconf 88' lang='lat' dir='ltr'><strong>uitiosa</strong></span> <span class='ocrx_word' id='word_1_334' title='bbox 1030 4370 1088 4424; x_wconf 85' lang='lat' dir='ltr'><strong>est.</strong></span> 
     </span>
    </p>

    <p class='ocr_par' dir='ltr' id='par_1_5' title="bbox 175 4461 1229 4551">
     <span class='ocr_line' id='line_1_38' title="bbox 175 4461 1229 4551; baseline -0.015 -15"><span class='ocrx_word' id='word_1_335' title='bbox 175 4468 358 4551; x_wconf 78' lang='lat' dir='ltr'><strong>c.15,5,</strong></span> <span class='ocrx_word' id='word_1_336' title='bbox 382 4472 434 4536; x_wconf 90' lang='lat' dir='ltr'><strong>ubi</strong></span> <span class='ocrx_word' id='word_1_337' title='bbox 456 4470 602 4536; x_wconf 84' lang='lat' dir='ltr'><strong>edebatur</strong></span> <span class='ocrx_word' id='word_1_338' title='bbox 626 4469 737 4534; x_wconf 84' lang='lat' dir='ltr'><strong>‘iniis</strong></span> <span class='ocrx_word' id='word_1_339' title='bbox 760 4463 923 4531; x_wconf 89' lang='lat' dir='ltr'><strong>Camerino</strong></span> <span class='ocrx_word' id='word_1_340' title='bbox 947 4465 1110 4548; x_wconf 73' lang='lat' dir='ltr'><strong>lugientem</strong></span> <span class='ocrx_word' id='word_1_341' title='bbox 1133 4461 1229 4526; x_wconf 89' lang='lat' dir='ltr'><strong>Vicil-</strong></span> 
     </span>
    </p>
   </div>
   <div class='ocr_carea' id='block_1_3' title="bbox 96 4558 1250 4764">
    <p class='ocr_par' dir='ltr' id='par_1_6' title="bbox 96 4558 1250 4764">
     <span class='ocr_line' id='line_1_39' title="bbox 96 4558 1250 4658; baseline -0.008 -22"><span class='ocrx_word' id='word_1_342' title='bbox 96 4572 150 4638; x_wconf 92' lang='lat' dir='ltr'><strong>lem</strong></span> <span class='ocrx_word' id='word_1_343' title='bbox 164 4574 319 4654; x_wconf 88' lang='lat' dir='ltr'><strong>IIirrum’,</strong></span> <span class='ocrx_word' id='word_1_344' title='bbox 335 4586 421 4641; x_wconf 87' lang='lat' dir='ltr'><strong>recte</strong></span> <span class='ocrx_word' id='word_1_345' title='bbox 435 4572 638 4658; x_wconf 82' lang='lat' dir='ltr'><strong>Glaudorpiua</strong></span> <span class='ocrx_word' id='word_1_346' title='bbox 653 4570 722 4658; x_wconf 94' lang='lat' dir='ltr'><strong>poni</strong></span> <span class='ocrx_word' id='word_1_347' title='bbox 739 4571 827 4635; x_wconf 80' lang='lat' dir='ltr'><strong>iussit</strong></span> <span class='ocrx_word' id='word_1_348' title='bbox 842 4566 1004 4632; x_wconf 84' lang='lat' dir='ltr'><strong>‘Lucilium</strong></span> <span class='ocrx_word' id='word_1_349' title='bbox 1022 4561 1169 4628; x_wconf 86' lang='lat' dir='ltr'><strong>IIirrum&#39;.</strong></span> <span class='ocrx_word' id='word_1_350' title='bbox 1194 4558 1230 4622; x_wconf 91' lang='lat' dir='ltr'><strong>In</strong></span> <span class='ocrx_word' id='word_1_351' title='bbox 1247 4622 1250 4627; x_wconf 92' lang='lat'>.</span> 
     </span>
     <span class='ocr_line' id='line_1_40' title="bbox 96 4669 1232 4764; baseline -0.018 -20"><span class='ocrx_word' id='word_1_352' title='bbox 96 4678 180 4743; x_wconf 77' lang='lat' dir='ltr'><strong>eota.</strong></span> <span class='ocrx_word' id='word_1_353' title='bbox 197 4678 347 4764; x_wconf 81' lang='lat' dir='ltr'><strong>scriptam</strong></span> <span class='ocrx_word' id='word_1_354' title='bbox 362 4687 411 4742; x_wconf 79' lang='lat' dir='ltr'><strong>eat</strong></span> <span class='ocrx_word' id='word_1_355' title='bbox 426 4677 562 4742; x_wconf 81' lang='lat' dir='ltr'><strong>‘ouillum</strong></span> <span class='ocrx_word' id='word_1_356' title='bbox 578 4674 725 4741; x_wconf 86' lang='lat' dir='ltr'><strong>Ilirrum&#39;.</strong></span> <span class='ocrx_word' id='word_1_357' title='bbox 761 4669 845 4737; x_wconf 90' lang='lat' dir='ltr'><strong>Idem</strong></span> <span class='ocrx_word' id='word_1_358' title='bbox 866 4672 954 4736; x_wconf 87' lang='lat' dir='ltr'><strong>bomo</strong></span> <span class='ocrx_word' id='word_1_359' title='bbox 969 4670 1001 4733; x_wconf 90' lang='lat' dir='ltr'><strong>in</strong></span> <span class='ocrx_word' id='word_1_360' title='bbox 1016 4672 1143 4731; x_wconf 80' lang='lat' dir='ltr'><strong>senatus</strong></span> <span class='ocrx_word' id='word_1_361' title='bbox 1160 4681 1232 4725; x_wconf 91' lang='lat' dir='ltr'><strong>eon·</strong></span> 
     </span>
    </p>
   </div>
   <div class='ocr_carea' id='block_1_4' title="bbox 0 0 1334 5124">
    <p class='ocr_par' dir='ltr' id='par_1_7' title="bbox 0 0 1334 5124">
     <span class='ocr_line' id='line_1_41' title="bbox 0 0 1334 5124; baseline 0 0"><span class='ocrx_word' id='word_1_362' title='bbox 0 0 1334 5124; x_wconf 95' lang='lat' dir='ltr'><strong> </strong></span> 
     </span>
    </p>
   </div>
  </div>
 </body>
</html>
