2646 5124
104 768 208 833 icrunt
236 796 276 811 -
307 770 339 825 et
358 758 437 825 bello
458 758 565 825 sedato
585 758 626 823 ibi
647 768 879 845 permanserant
897 768 988 845 utque
1015 778 1112 845 egros
1132 760 1215 829 colon

104 863 290 954 caeperuot'.
313 862 433 927 Firmus
449 862 527 925 enim
543 863 760 947 scdespouere
775 860 889 949 Belgae
903 870 1038 947 stagras
1054 864 1161 929 colere
1172 886 1215 931 Ι

103 974 202 1047 illato,
218 970 271 1033 sed
288 967 372 1031 linito
386 966 503 1027 demum
519 963 597 1027 bello
613 974 763 1048 poterant.
787 961 834 1029 lta
848 962 893 1043 lt,
907 962 962 1041 29,
978 966 1215 1033 retentarunt

104 1076 179 1139 baec
199 1074 391 1135 referunturr
416 1064 456 1129 lli
471 1066 581 1129 multos
596 1086 693 1130 annos
707 1088 727 1129 a
741 1068 873 1132 finitimis
887 1066 1052 1151 exagitati,
1077 1090 1145 1133 cum
1159 1070 1215 1135 aliu

103 1176 213 1241 bellum
228 1174 375 1236 inferrent
391 1169 467 1233 alias
477 1167 593 1231 illatum
605 1170 812 1247 defenderent,
825 1189 974 1233 consensu
984 1188 1092 1233 eorum
1103 1174 1215 1237 omnin

105 1300 177 1365 pace
194 1280 269 1340 lacta
285 1275 365 1338 bunc
380 1271 439 1335 sibi
455 1270 606 1333 domicilio
621 1272 717 1334 loeum
734 1272 934 1355 delegerunt'.

189 1376 229 1445 C.
248 1378 301 1455 15,
318 1376 338 1439 3
354 1376 428 1437 baec
443 1372 601 1455 leguntur:
628 1372 685 1435 ‘At
699 1374 742 1437 illi
755 1374 931 1439 intermisso
946 1374 1044 1459 spatio
1059 1374 1215 1459 impruden

103 1483 184 1547 tibus
199 1478 311 1543 nostris
327 1488 415 1561 atquc
431 1474 584 1559 occupatis
599 1474 630 1538 in
645 1476 811 1541 munitione
825 1487 1007 1555 castrorum,
1024 1477 1129 1543 subito
1142 1498 1177 1543 se

103 1586 189 1649 siluis
212 1584 368 1647 eiecerunt
389 1580 561 1662 impetuque
576 1577 608 1640 in
624 1598 678 1641 eos
694 1580 794 1657 lanto,
817 1578 868 1663 qui
883 1589 971 1642 erant
984 1579 1016 1643 iu
1030 1582 1165 1646 statione
1176 1600 1215 1663 pu

103 1686 214 1751 cestris
236 1682 393 1757 collocati,
417 1680 531 1743 seritcr
545 1694 755 1763 pugnauerant
777 1680 948 1765 duabusque
970 1682 1074 1747 missis
1097 1680 1215 1747 subsidit

102 1786 275 1853 cohortibus
290 1803 309 1844 a
324 1778 458 1845 Caesare
473 1792 564 1864 atque
578 1782 616 1845 iis
632 1782 735 1865 primis
749 1784 902 1865 legionum
918 1783 1061 1861 duarum,
1085 1806 1154 1849 oum
1174 1782 1215 1849 but

102 1887 268 1974 perexiguo
281 1884 452 1947 intermisso
468 1884 525 1947 loei
541 1885 639 1968 spatio
653 1884 734 1949 inter
748 1906 783 1949 se
797 1886 1016 1951 constitissent.
1028 1906 1215 1970 monogenen

102 2008 220 2077 pugnae
235 1986 408 2069 perterritis
424 1986 539 2049 nostris
555 2007 610 2071 per
623 1986 739 2051 medios
753 1988 953 2051 audacissime
965 1998 1169 2073 perruperunt
1179 2008 1215 2053 sa

101 2114 160 2177 que
175 2092 245 2155 inde
259 2088 424 2151 incolumes
440 2088 644 2172 receperunt'.
673 2086 735 2153 Sed
751 2090 816 2153 eins
831 2090 988 2166 uocaboli,
1005 2090 1084 2173 qood
1099 2102 1150 2155 cst
1161 2108 1215 2175 epe

101 2198 198 2271 tium,
229 2190 345 2276 proprie
369 2190 416 2253 uis
440 2200 505 2267 cst,
530 2201 564 2253 ut
577 2192 614 2255 dc
629 2192 698 2255 loco
713 2191 918 2277 intellegatur.
947 2190 1054 2275 loque
1071 2192 1215 2277 ‘tempori

100 2294 240 2384 spatiom’
255 2305 287 2358 et
299 2303 382 2357 recte
398 2292 455 2355 dici
472 2302 570 2375 potest
585 2302 615 2355 et
628 2312 719 2375 saepe
734 2293 863 2356 dicitur:
881 2305 980 2377 potest
994 2296 1074 2358 enim
1090 2295 1133 2373 id,
1149 2314 1215 2379 quot

98 2402 131 2465 in
153 2401 218 2483 ipso
239 2396 326 2481 spatii
351 2396 518 2470 uocabulo,
543 2416 608 2456 enm
631 2406 772 2459 accurate
787 2396 914 2475 dieitur,
938 2419 997 2460 noo
1012 2397 1114 2473 inest,
1131 2398 1215 2461 altert

99 2505 217 2567 adiecto
237 2497 404 2575 declarari3
428 2507 516 2577 atque
538 2496 677 2559 similiter
698 2495 816 2561 llirtios
837 2496 924 2576 vill,
942 2498 996 2575 tt,
1020 2498 1042 2561 2
1064 2501 1215 2565 oooiuaett

99 2620 226 2687 utroquo
241 2600 334 2665 uerbo
358 2598 499 2681 ‘spatium
515 2620 550 2661 ao
566 2599 690 2684 tempos'
707 2602 817 2683 posuit.
844 2598 943 2665 ‘Loci'
958 2611 1056 2665 antem
1075 2604 1215 2685 ‘spatium

98 2718 161 2771 tom
177 2708 293 2768 demum
309 2712 391 2765 reete
406 2700 531 2777 dicitur,
549 2723 614 2763 cum
632 2713 685 2765 ant
698 2703 758 2766 loci
772 2704 900 2786 spatium
916 2704 1099 2766 discernitur
1118 2714 1215 2767 atem

98 2809 180 2893 poris
189 2805 373 2888 spatio,'aut,
390 2803 415 2865 si
431 2801 526 2865 solum
543 2805 670 2885 spatium
686 2817 861 2888 poneretur,
879 2807 1004 2869 obscura
1019 2807 1119 2869 oratio
1131 2814 1215 2871 esset

98 2900 507 2992 utapudlaucret.ll,1(i2
530 2905 758 2991 ‘multiplexque
781 2909 840 2971 loci
862 2909 990 2992 spatium
1013 2918 1215 2973 transcurrere

97 3012 202 3075 codem
218 3005 362 3091 tempora'
386 3016 417 3069 et
431 3002 524 3071 Caes.
542 3007 624 3069 deb.
643 3010 703 3072 cin.
721 3009 778 3087 lll,
795 3010 851 3086 71,
874 3010 894 3074 3
911 3010 1108 3093 ‘temporibus
1122 3032 1215 3077 reru!

96 3125 129 3177 ct
149 3112 254 3195 spatiis
278 3108 434 3173 loeornm'.
473 3105 579 3192 ltaque
601 3111 729 3177 dubitari
753 3134 813 3176 non
842 3122 958 3196 potest,
988 3112 1059 3194 quio
1083 3134 1122 3176 eo
1144 3113 1215 3193 loco,

95 3236 182 3300 qoem
197 3234 285 3298 snpra
303 3212 408 3297 posui,
432 3213 584 3294 genitions
609 3212 689 3277 ‘loci'
706 3216 875 3299 esplicnndi
898 3236 990 3279 causa
1004 3215 1156 3299 ascriptus
1170 3216 1215 3293 ait,

96 3320 235 3385 nimirum
258 3317 295 3381 ab
319 3314 448 3403 eo,‚qui
471 3315 558 3398 paulo
580 3325 651 3378 ante
673 3317 768 3381 uerba
784 3320 887 3381 eadem
912 3316 1099 3381 ‘intermisso
1115 3314 1215 3401 spatio*

95 3422 131 3485 de
155 3436 288 3505 tempore
312 3420 408 3504 posita
432 3417 556 3479 uideret.
595 3416 677 3481 Nam
701 3419 758 3502 ipsi
775 3416 902 3483 Caesari
923 3420 955 3483 in
980 3439 1013 3482 re
1029 3418 1215 3501 apertissima

94 3524 227 3606 setisque
242 3523 344 3586 multis
360 3519 460 3583 uerbis
475 3518 642 3583 interiectis
657 3520 686 3583 id
703 3522 869 3584 laciendum
886 3520 981 3584 oidcri
997 3542 1058 3584 nou
1073 3530 1204 3603 poterat.

180 3620 219 3687 C.
231 3624 285 3700 25,
301 3622 322 3683 3
339 3617 650 3701 CaesarTasgetium,
667 3642 753 3702 quem
771 3643 871 3705 regem
889 3624 965 3706 apud
981 3618 1135 3689 Carnutes
1150 3642 1215 3687 oau-

95 3725 246 3801 stituerat,
263 3724 454 3786 interfectum
470 3731 583 3783 narrat.
612 3721 659 3785 Ea
683 3724 774 3787 uerba
789 3725 821 3787 in
837 3725 963 3809 integris
987 3724 1073 3787 codd.
1091 3734 1124 3788 et
1137 3725 1215 3789 deta

94 3826 242 3902 rioribus,
267 3835 302 3887 ut
322 3822 461 3898 uidetur,
485 3823 635 3905 plerisque
655 3823 697 3887 ita
711 3825 871 3907 leguntur:
898 3826 1051 3890 ‘Tertium
1065 3828 1126 3891 iam
1142 3826 1215 3891 bunt

94 3948 203 3990 nonum
218 3935 395 4009 regnantem
412 3923 540 3987 inimicis
555 3927 613 3989 iam
630 3927 730 3990 multis
747 3928 841 4010 palam
858 3950 899 3993 en
918 3929 1043 3993 ciuitate
1059 3939 1090 3992 et
1111 3929 1151 3992 iis
1166 3948 1215 3993 au·

93 4030 228 4093 etoribns
245 4048 311 4091 eum
327 4027 566 4091 interfecerunt'.
600 4026 735 4110 Quorum
766 4030 923 4094 uerborum
946 4032 1019 4094 baec
1041 4040 1090 4093 cst
1113 4040 1215 4112 aperta

92 4132 253 4208 sententia,
271 4128 421 4194 Carnutes
437 4128 624 4213 Tasgetium,
644 4133 693 4214 qui
711 4134 829 4195 tertium
845 4134 905 4196 inm
921 4134 1011 4211 bunc,
1035 4132 1084 4215 qui
1108 4132 1215 4215 ageba·

91 4245 153 4312 tur,
169 4254 281 4297 atinum
295 4235 454 4316 regnabat,
472 4255 538 4296 cnm
554 4236 581 4297 ei
598 4236 680 4297 malti
697 4255 738 4296 cx
753 4236 876 4298 ciuitate
892 4236 988 4319 palam
1010 4234 1124 4298 inimici
1139 4234 1215 4317 iique

91 4338 192 4400 caedis
208 4344 348 4399 unctores
365 4346 480 4411 essent,
498 4335 705 4412 interfecisse3
724 4358 819 4417 nequo
835 4338 865 4399 in
882 4359 917 4400 ea
926 4337 1058 4400 codicum
1069 4336 1215 4421 scriptura

91 4441 246 4523 quicquam
264 4450 382 4521 praeter
396 4437 520 4500 alterum
538 4438 618 4501 ‘iam'
635 4439 812 4521 reprebendi
828 4450 936 4522 potest.
960 4437 993 4502 ld
1009 4439 1103 4522 igitur
1118 4438 1215 4503 deleu-

92 4544 235 4619 domest,
261 4550 362 4622 utpote
385 4560 490 4604 errore
513 4540 670 4604 alibrario
686 4543 856 4624 repetitum.
890 4539 951 4605 Sed
974 4542 1047 4606 lineo
1070 4542 1215 4607 orationis

91 4646 187 4709 dormo
201 4644 348 4727 magistro
363 4664 424 4707 non
439 4643 514 4707 satis
530 4642 652 4727 elegans
668 4643 734 4707 uisa
749 4654 808 4707 est.
833 4641 937 4726 ltaque
952 4644 985 4708 io
1000 4643 1103 4709 liano.
1122 4664 1169 4729 pr.
1188 4655 1215 4707 ct
