2646 5124
507 152 590 160 --—-
635 111 696 175 207
743 151 825 160 -—

91 294 212 353 luisset.
248 288 310 369 Qui
327 308 417 371 supra
436 283 559 348 Labieni
577 307 685 349 nomeu
702 297 884 363 mutauerat,
912 308 978 349 eum
1005 289 1077 350 bare
1102 292 1137 353 tle
1155 290 1226 354 luba

88 392 148 457 liet
164 412 230 455 uon
247 411 339 475 posse
354 390 489 461 uideret,
513 388 560 450 bio
584 387 655 450 illud
676 388 843 471 importune
865 387 1038 454 iuouloauit.
1077 390 1226 466 Extrema

87 496 195 559 borum
211 493 377 559 uerborum
391 490 502 555 iuPar.
512 510 575 553 seo.
586 487 676 553 Leid.
687 511 734 573 pr.
745 487 1010 574 Seal.rluobusque
1026 493 1226 561 deterioribus

85 598 176 665 endu.
193 598 241 663 itu
255 596 371 679 seripta
387 605 474 658 suut:
493 594 747 676 ‘consor-ipsene,
765 604 945 669 urnrauerat,
963 594 1007 657 uti
1023 596 1138 661 lrensto
1153 620 1225 663 eon·

85 700 264 767 litlieerat'.
303 693 556 761 ‘Condidioerat’
578 695 668 757 etiam
684 716 725 758 ex
741 690 812 757 Cui.
830 706 1011 771 annotatur,
1035 696 1065 759 iu
1081 720 1140 781 quo
1155 702 1224 782 quin

85 804 208 887 reliqua
224 822 346 885 quoque
362 799 466 863 eodem
490 797 576 860 morlo
592 796 741 880 legantur,
760 818 820 859 non
836 798 952 860 tlubito.
998 796 1108 863 Editur
1124 805 1225 866 neseio

86 926 144 989 qun
159 904 367 978 auctoritate,
394 899 447 965 seul
470 909 521 963 aut
540 900 621 962 nulla
636 909 689 961 aut
705 900 853 981 pessima,
878 912 1069 964 ‘armauerat
1090 924 1227 987 equoque

86 1008 132 1073 uti
148 1010 274 1071 frenato
290 1002 513 1068 eoudoeuerat’.
553 998 602 1063 Ex
619 998 754 1064 codicum
782 1003 931 1085 scriptura
948 1024 1008 1065 non
1025 1006 1150 1068 moleste
1166 1008 1227 1069 for·
1291 1040 1294 1045 ·

87 1130 171 1175 nare
187 1109 263 1172 mibi
279 1108 365 1171 uisus
380 1126 445 1169 sum
463 1104 524 1166 ‘uti
542 1104 674 1167 frenatos
690 1104 912 1167 constituerat'.
930 1103 1081 1169 Frenatus
1098 1106 1226 1173 Labieni

89 1232 184 1297 eques
206 1234 237 1275 e.
260 1208 326 1285 til,
350 1204 411 1270 3a
431 1204 573 1269 Numidis
596 1204 793 1289 Gaetulisque
822 1206 888 1269 sirio
912 1208 1006 1270 lrenis
1029 1208 1223 1275 discernitur.

91 1310 306 1379 Constitueudi
322 1320 422 1373 autem
439 1306 561 1372 uerbum
577 1310 681 1373 eodem
697 1310 784 1371 modo
797 1308 918 1391 ponitur
927 1308 965 1371 ab
975 1307 1075 1373 llirtio
1086 1310 1116 1373 b.
1128 1311 1223 1377 Alex.

93 1412 147 1495 ul,
163 1414 185 1477 4
201 1412 351 1495 ‘adiungit
365 1407 515 1474 Domitius
531 1410 642 1495 legioni
664 1406 811 1475 XXXVI
826 1409 899 1473 duas
914 1409 951 1473 ub
968 1408 1132 1493 Deiotaro,
1150 1436 1223 1497 quas

94 1516 144 1583 ille
157 1516 317 1601 diseiplius
332 1524 423 1597 atque
438 1523 588 1577 armatura
605 1523 710 1576 nostra
731 1513 900 1596 complures
921 1534 1017 1576 annos
1040 1518 1222 1581 constitutas

95 1618 244 1696 bubebst',
260 1636 337 1701 quae
351 1612 603 1699 reperuerunt,
630 1613 672 1691 4,
696 1614 891 1697 similiterque
906 1636 924 1678 a
940 1612 1074 1682 Caesare
1089 1617 1118 1681 b.
1137 1618 1220 1683 Gall.

95 1718 162 1796 vl,
187 1719 229 1796 l,
252 1718 276 1783 t
297 1720 410 1783 ‘tribus
425 1727 496 1781 ante
511 1726 651 1780 exactam
666 1717 790 1780 hiemem
807 1728 839 1779 et
854 1718 1027 1780 constitutis
1042 1730 1073 1783 et
1087 1722 1222 1787 adduetis

96 1820 294 1907 legionibus'.
322 1818 486 1906 Excipiunt
505 1820 597 1883 baeu:
625 1827 799 1902 ‘praeterea
824 1820 907 1903 regia
929 1820 1043 1885 auxilia
1058 1823 1223 1905 elephantis

96 1920 195 1989 CXX
210 1923 413 2007 equitatusque
428 1921 673 1997 innumerabilis,
697 1922 803 1985 ‹leiule
822 1922 958 2003 legiones
981 1925 1168 2005 conscriptas
1184 1944 1224 1987 ex

96 2030 241 2111 uniusque
256 2026 334 2091 moli
349 2026 470 2109 generis
485 2025 611 2109 emplius
626 2022 689 2088 Xll
704 2023 852 2087 milibus'.
887 2023 994 2087 Editur
1017 2024 1223 2107 ‘elephantes'

95 2140 125 2193 et
140 2128 366 2213 ‘conseriptan
401 2126 463 2193 Seu
485 2147 550 2189 eum
573 2128 647 2191 baeu
662 2127 699 2189 ud
714 2126 870 2210 superiora
888 2128 1037 2211 pertinere
1053 2139 1080 2192 et
1098 2150 1115 2189 a
1131 2128 1224 2191 uerbo

98 2232 252 2297 ‘baberet'
276 2244 345 2315 apta
369 2250 437 2295 esse
458 2239 618 2313 appareat,
642 2230 673 2292 in
688 2226 761 2291 Par.
780 2239 877 2291 autom
894 2252 957 2292 seo.
977 2242 1009 2293 et
1025 2228 1116 2294 Voss.
1145 2232 1223 2296 ‘ele-

97 2332 234 2417 pbuntis'‚
250 2334 283 2399 iu
298 2332 389 2398 Leiu.
408 2354 453 2417 pr.
472 2330 657 2414 ‘elephanti'‚
673 2331 704 2393 iu
721 2328 802 2396 Seal.
821 2339 852 2393 et
867 2328 934 2393 Pet.
954 2332 1164 2417 ‘elephantos'
1180 2335 1222 2400 le-

95 2446 191 2521 gatur,
210 2435 425 2520 ‘eonmupue'
440 2435 591 2518 surrigere
607 2454 668 2495 uon
683 2432 827 2497 dubitaui.
849 2432 960 2498 Verum
978 2436 1095 2501 inillis:
1116 2440 1223 2521 ‘legio-

96 2540 353 2621 ueseouseriptas
375 2559 417 2603 ex
439 2536 583 2619 cuiusque
606 2536 683 2598 modi
706 2536 828 2617 generis
851 2538 977 2620 amplius
1001 2535 1063 2603 Xll
1087 2542 1222 2605 milibus’

95 2662 236 2707 uumerus
251 2638 318 2705 Xll
333 2640 446 2705 milium
461 2638 549 2703 nimis
565 2640 696 2721 exiguus
712 2638 887 2719 quibusdam
903 2640 986 2701 uisus
1009 2652 1073 2717 est,
1096 2663 1163 2704 eum
1187 2645 1223 2707 ue

94 2746 242 2824 mnibus,
259 2756 294 2808 ut
308 2743 452 2821 arbitror,
470 2739 719 2825 Pompeianorum
736 2740 830 2823 copiis
846 2741 903 2803 liei
925 2751 1074 2823 putarent.
1108 2742 1223 2805 b'erum

94 2844 249 2914 labienus
265 2846 380 2911 auxilia
395 2858 509 2909 tanturm
525 2854 700 2919 enumerat,
727 2843 833 2925 quibus
849 2842 922 2904 solis
938 2863 1005 2905 eum
1022 2840 1226 2907 Caesarianos

93 2952 268 3015 obruturum
283 2969 423 3033 sperasse
438 2950 468 3033 ᾗ.
493 2946 711 3011 2rleelaratum
729 2956 797 3020 est,
821 2954 850 3007 et
874 2943 961 3027 paulo
985 2956 1056 3007 ante
1070 2942 1223 3023 Numirlis,

94 3048 442 3135 (temerariusque,
461 3050 595 3133 reliquis,
614 3070 689 3136 quos
704 3049 772 3134 ipse
788 3058 965 3129 parauerat,
984 3048 1224 3111 commemoratis

94 3154 146 3219 ian
160 3155 252 3239 regia
267 3153 382 3220 auxilia
398 3152 544 3237 adiungit.
580 3149 656 3215 luba
670 3161 770 3214 autem
787 3162 930 3232 quattuor
946 3150 1081 3233 legiones
1097 3150 1226 3213 babebat

95 3260 131 3333 (r.
149 3256 182 3337 1,
200 3256 259 3339 4);
277 3277 355 3341 quae
368 3257 395 3320 si
410 3252 474 3319 Xll
490 3254 607 3319 milibus
624 3254 775 3318 bominum
791 3254 1010 3327 constiterunt,
1028 3273 1223 3335 unaquaeque

95 3371 154 3424 erat
169 3361 325 3423 trinoruru
341 3360 472 3432 milium,
495 3356 546 3440 qui
562 3377 705 3420 uumerus
724 3356 799 3419 nibil
814 3367 877 3433 est,
902 3358 978 3438 quod
1002 3376 1075 3417 uero
1098 3354 1225 3416 interior

97 3460 240 3525 sileatur.
275 3457 473 3526 Concluditur
487 3460 536 3523 bio
552 3461 635 3523 loeus
659 3460 703 3521 bis
727 3456 848 3521 uerbis:
882 3455 966 3521 ‘llao
982 3478 1035 3541 spe
1057 3466 1146 3541 atque
1171 3477 1224 3520 au-

97 3562 174 3627 luria
198 3562 404 3627 inflammatus
428 3560 581 3625 Labienus
611 3583 678 3624 eum
710 3559 859 3643 equitibus
882 3556 978 3623 Gallis
1003 3558 1225 3639 Germanisque

99 3660 205 3740 Mtte,
229 3664 433 3730 Numidarum
455 3664 520 3727 siue
537 3664 632 3727 lreuis
650 3661 708 3728 vlt
724 3662 862 3738 milibus,
888 3672 1044 3745 praeterea
1058 3659 1226 3724 Petreiano

100 3768 208 3833 auxilio
223 3769 359 3833 adhibito
375 3766 525 3851 equitibus
540 3761 653 3842 MDC,
678 3766 805 3849 peditum
821 3785 856 3826 ae
872 3764 947 3827 leuis
963 3774 1135 3827 armaturae
1151 3784 1224 3845 qua-

102 3876 140 3933 ter
154 3882 262 3949 tauto,
279 3870 446 3956 sagittariis
462 3890 499 3933 ne
514 3866 714 3932 funditoribus
730 3866 992 3950 bippotonotisque
1008 3865 1224 3949 compluribus,

103 3966 140 4035 bis
153 3974 248 4057 eupiis
263 3969 294 4037 ll
309 3974 339 4037 tl.
356 3972 442 4037 Non.
460 3968 527 4035 lau.
544 3980 614 4054 post
628 3970 704 4034 diem
722 3966 786 4045 Vl,
804 3990 891 4051 qnam
906 3968 1042 4032 Alricam
1059 3966 1177 4049 attigit,
1195 3966 1227 4027 in

103 4075 204 4157 campis
219 4076 404 4160 planissimis
431 4072 660 4158 purissimisque
674 4072 712 4135 ab
728 4073 799 4136 bora
816 4071 874 4134 diei
893 4071 996 4153 quinta
1013 4090 1108 4150 usqne
1124 4068 1160 4129 ud
1176 4086 1226 4127 so-

105 4170 286 4241 btuesasuus
301 4188 351 4243 est
364 4175 572 4241 decertatum&
590 4170 625 4237 lu
641 4174 687 4237 bis
702 4174 804 4237 uerbis
820 4174 867 4237 bis
881 4170 918 4235 ab
934 4172 1071 4235 instituta
1086 4166 1226 4231 orations
