2646 5124
472 580 787 653 cotvrno-ac.
1188 588 1254 659 aaa

65 759 249 827 descendere
265 765 426 842 praerupta
440 756 519 821 ualle
534 756 645 841 coepit.
678 752 774 820 Cuius
790 755 971 838 aliquamdiu
987 753 1106 822 Caesar
1120 761 1192 826 inri-
1208 763 1230 828 t

65 865 153 931 debat
167 863 287 927 inanem
304 859 535 925 ostentationem
551 870 582 922 et
598 878 634 922 eo
649 859 716 922 loco
727 858 852 923 militum
865 859 1095 940 contentionem,
1105 884 1193 946 quem

65 967 208 1033 inlocum
224 983 313 1029 nemo
329 983 420 1045 sanus
437 962 532 1026 hostis
548 961 698 1026 subituros
715 973 815 1026 esset:
841 984 908 1027 cum
923 961 1042 1026 interim
1056 962 1194 1030 Pharna-

64 1092 117 1135 ces
132 1069 235 1133 eodem
251 1067 360 1151 gradu,
377 1087 436 1149 quo
452 1065 484 1129 in
500 1064 663 1149 procliuem
679 1065 876 1130 descenderat
891 1065 1011 1145 uallem,
1028 1069 1193 1134 ascendere

25 1185 42 1236 t
67 1173 211 1236 aduersus
233 1168 359 1233 arduum
375 1168 481 1232 collem
501 1168 655 1231 instructis
678 1168 772 1251 copiis
787 1169 898 1252 coepit.
930 1164 1049 1233 Caesar
1062 1170 1249 1243 ineredi-75

64 1275 118 1338 bili
140 1275 204 1338 eius
227 1271 277 1337 nel
292 1270 463 1335 temeritate
479 1270 526 1335 uel
541 1270 649 1334 fiducia
665 1281 831 1334 commotus
846 1290 943 1353 neque
959 1272 1084 1354 opinans
1099 1274 1193 1359 impa-

64 1386 208 1459 ratusqoe
231 1393 391 1459 oppressus
415 1374 519 1440 eodem
543 1383 677 1456 tempore
692 1372 805 1437 milites
817 1373 854 1436 nb
871 1393 961 1456 opere
976 1385 1085 1450 uocat,
1109 1396 1191 1441 arma

64 1498 174 1562 capere
188 1477 288 1554 iubet,
305 1475 440 1560 legiones
456 1475 579 1559 opponit
594 1476 749 1559 aciemque
763 1475 907 1556 instruit3
932 1476 1016 1540 cuius
1031 1477 1077 1541 rei
1092 1478 1192 1542 subita
1205 1477 1229 1543 2

65 1577 228 1663 trepidatio
249 1599 391 1663 magnum
417 1589 565 1642 terrorem
586 1578 687 1641 attolit
707 1578 831 1642 nostris.
870 1576 1014 1642 Nondum
1038 1581 1227 1646 ordinibus3

10 1694 38 1748 ttt
63 1681 222 1747 instructis
242 1681 369 1747 falcatae
389 1680 492 1764 regiae
508 1680 671 1765 quadrigae
685 1680 850 1764 permixtos
866 1679 976 1745 milites
992 1683 1188 1765 perturbant3

64 1803 142 1868 quae
157 1793 257 1848 tanuen
271 1784 413 1848 celeriter
427 1782 616 1847 multitudine
632 1782 760 1846 telorum
776 1781 992 1864 opprimuntur.
1019 1779 1192 1866 Insequitur
1205 1785 1227 1851 4

64 1886 117 1951 lias
133 1886 215 1950 acies
231 1886 372 1964 bostium,
382 1896 414 1951 et
428 1886 560 1951 elamore
575 1883 691 1947 sublato
707 1883 878 1967 confligitur
891 1883 1016 1948 multum
1031 1886 1191 1952 adiuuante

64 1999 171 2054 natura
191 1988 269 2066 loci,
293 1987 451 2072 plurimum
473 1987 595 2051 deorum
610 1985 813 2050 inmortalium
828 1985 1031 2069 benignitate3
1056 1989 1107 2074 qni
1123 2010 1190 2052 eum
1221 2026 1225 2034 =

64 2091 200 2155 omuibus
222 2090 345 2155 casibus
359 2089 431 2155 belli
445 2090 597 2169 intersunt
612 2099 673 2152 tum
689 2089 849 2173 praecipue
865 2088 968 2173 quibus
983 2088 1055 2155 nihil
1071 2091 1190 2157 ratione

10 2205 40 2261 ttt
62 2194 162 2280 potuit
187 2191 403 2258 administrari.
441 2189 557 2277 Magno
586 2202 675 2275 atque
697 2191 759 2254 acri
782 2191 897 2275 proelio
920 2194 1085 2258 comminus
1109 2196 1190 2258 facto
1204 2192 1248 2264 id

63 2297 173 2361 dextro
189 2316 296 2374 cornu,
313 2317 377 2379 quo.
387 2305 532 2360 ueterano
546 2295 625 2380 legio
640 2304 729 2358 sexta
745 2304 813 2357 erat
827 2294 993 2373 collocata,
1011 2295 1127 2360 initium
1144 2296 1190 2361 ni·

62 2400 182 2463 ctoriae
197 2408 299 2463 natum
312 2408 372 2463 ost.
387 2397 437 2461 Ab
452 2418 489 2463 ea
504 2407 590 2482 parte
606 2418 672 2460 eum
687 2396 814 2481 procliui
829 2397 1060 2461 detruderentur
1071 2398 1188 2476 hostes,

60 2500 155 2564 multo
179 2501 293 2565 tardius
315 2501 369 2566 sed
389 2511 491 2567 tamen
512 2497 627 2565 eisdem
652 2499 708 2564 diis
732 2499 940 2563 adiuuantibus
956 2499 1079 2564 sinistro
1095 2520 1190 2562 cornu

59 2603 218 2688 mediaque
239 2604 303 2668 acie
323 2615 407 2669 totae
428 2603 625 2689 profligantur
646 2602 749 2688 copiae
763 2603 857 2689 regis.
889 2599 976 2686 Quae
998 2624 1087 2686 quam
1102 2602 1226 2669 sacile2

10 2715 38 2771 to
60 2706 216 2771 subierant
229 2706 362 2791 iniquum
378 2708 494 2787 locum,
519 2717 579 2770 tam
595 2706 736 2772 celeriter
750 2706 845 2792 gradu
860 2707 962 2791 pulsae
978 2706 1191 2790 premebantur

60 2809 122 2875 loci
142 2809 312 2893 iniquitate.
349 2809 453 2895 ltaque
474 2809 575 2875 multis
598 2809 740 2874 militibus
763 2809 870 2894 partim
891 2809 1059 2874 intersectis
1080 2809 1189 2893 partim

61 2932 185 2976 snorum
207 2913 296 2987 ruina
317 2912 469 2998 oppressis
491 2913 540 2996 qui
561 2912 721 2978 uelocitate
738 2914 867 2998 effugere
881 2923 1021 2999 poterant
1035 2913 1127 2977 armis
1143 2922 1188 2976 ta·

60 3034 131 3077 men
155 3015 296 3098 proiectis
319 3015 428 3078 uallem
451 3016 635 3099 transgressi
657 3016 731 3079 nibil
753 3038 794 3079 ex
815 3017 882 3080 loco
904 3017 1060 3102 superiore
1079 3015 1189 3078 inermi

60 3117 209 3201 prolicere
230 3127 382 3201 poterant.
413 3115 457 3179 At
478 3117 574 3180 nostri
595 3116 722 3182 uictoria
738 3117 809 3183 elati
824 3119 926 3184 subire
941 3120 1074 3202 iniquum
1090 3118 1188 3183 locum
1203 3117 1224 3182 3

10 3230 36 3283 ts
59 3218 301 3304 munitionesque
323 3218 447 3306 adgredi
471 3241 532 3283 non
554 3219 735 3285 dubitarunt.
767 3218 1005 3284 Defendentibus
1027 3230 1127 3283 autem
1150 3219 1188 3284 iis

62 3320 234 3386 cohortibus
257 3333 378 3402 castra,
403 3342 475 3406 quas
491 3319 664 3387 Pharnaces
681 3322 829 3407 praesidio
844 3321 1025 3406 reliquerat,
1048 3319 1188 3385 celeriter

60 3425 170 3489 eastris
193 3424 326 3489 hostium
349 3436 419 3489 sunt
442 3425 540 3510 potiti.
572 3423 736 3490 Interfecta
759 3422 947 3488 multitudino
969 3423 1049 3487 omni
1063 3424 1224 3488 suorumt

60 3536 116 3591 aut
127 3538 215 3611 capta
223 3524 396 3595 Pharnaces
411 3550 478 3592 cum
494 3529 596 3613 paucis
613 3527 761 3612 equitibus
777 3526 927 3612 profugit3
938 3526 987 3589 cui
1000 3525 1060 3590 nisi
1072 3536 1187 3590 castro·

58 3650 128 3693 rum
143 3632 322 3716 oppugnatio
339 3631 511 3696 facultatem
528 3632 677 3696 attulisset
692 3630 815 3695 liberius
830 3628 1030 3716 profugiendi,
1051 3629 1141 3694 uiuus
1156 3628 1188 3694 in

10 3742 36 3796 to
59 3725 204 3799 Caesaris
219 3745 398 3819 potestatem
415 3734 557 3800 adductus
574 3746 666 3800 esset.

170 3907 184 3957 l
198 3906 348 3971 aliquandiu
362 3908 413 3975 (α).
547 3909 679 3959 inridebat
690 3924 716 3958 a.
840 3909 857 3963 2
870 3908 1058 3959 scortationem
1071 3908 1185 3972 Brutus,

59 3983 266 4035 cohortationem
279 3985 356 4037 codd.
464 4002 537 4053 quem
551 3987 576 4037 in
590 3986 647 4038 loeo
661 4002 687 4037 c.
792 3988 808 4037 d
823 4002 872 4051 quo
886 3987 912 4037 in
925 3986 1066 4053 proetiuom
1080 3984 1188 4034 descen·

59 4059 140 4109 derat
158 4059 254 4111 uallem
273 4076 338 4126 ego,
359 4079 409 4129 qno
428 4064 454 4114 in
475 4064 601 4131 proelium
621 4063 796 4115 descenderat
814 4062 941 4114 nullosne
957 4064 1030 4114 ‘msa
1041 4059 1186 4127 plerique.

170 4139 316 4189 ascendere
329 4139 380 4207 (a).
486 4141 500 4193 t
514 4157 593 4209 opere
607 4156 632 4204 c,
648 4140 768 4206 operibus
782 4139 843 4188 edd.
949 4140 982 4193 12
994 4138 1143 4203 confligitur
1154 4138 1186 4189 P.

58 4212 212 4281 Manutius,
228 4217 344 4283 confligit
354 4236 371 4270 a
386 4221 458 4270 ‘msa
475 4218 508 4271 3’.
650 4217 682 4268 ld
695 4216 870 4266 inmortalium
883 4232 910 4267 a.
1034 4219 1066 4270 tt
1078 4219 1141 4270 belli
1153 4220 1185 4270 1².

59 4291 214 4360 Manutius,
228 4296 307 4349 bellis
322 4298 400 4350 codd.
507 4295 630 4346 intersint
642 4301 728 4344 tamen
741 4294 880 4359 praecipue
895 4295 919 4344 b.
1026 4296 1120 4362 quibus
1133 4312 1149 4347 o
1161 4298 1185 4361 b,

59 4369 248 4437 eisquibuso.
369 4375 400 4427 15
416 4374 531 4425 eominus
544 4370 595 4438 (a).
713 4369 1009 4437 truatumpnstums.
1130 4388 1189 4439 pro·

60 4446 124 4499 cliui
136 4466 163 4515 o,
178 4451 275 4503 declini
289 4454 314 4517 b,
329 4454 355 4504 in
369 4451 480 4520 procliui
492 4453 507 4504 3
521 4451 589 4502 dett.
604 4449 664 4500 cdd.
679 4454 743 4501 onte
752 4449 846 4515 Seal.;
860 4450 886 4501 in
900 4452 1016 4518 procliue
1026 4452 1185 4518 Sccb‘geru.

171 4530 203 4582 ts
215 4530 316 4582 eisdem
327 4547 355 4596 a,
370 4530 463 4581 iisdem
475 4529 535 4580 edd.
641 4526 776 4583 23iuermi
788 4545 805 4580 o
818 4545 832 4580 c
844 4535 874 4582 et
884 4546 921 4583 m.
931 4547 976 4600 pr.
994 4533 1019 4595 b,
1033 4531 1146 4581 inermes
1160 4544 1187 4578 u.

168 4608 360 4674 25edgrediu.
477 4607 558 4659 hirc.
674 4604 853 4660 2doustriso.
973 4606 1188 4665 tiemoiinuito

59 4684 129 4738 Oud.
142 4702 195 4739 om.
210 4703 238 4739 a.
345 4688 379 4745 2⁹
393 4686 526 4740 attulisset
538 4701 591 4738 om.
605 4700 632 4752 o,
647 4683 765 4740 dodisset
776 4690 801 4739 b.
