2646 5124
12 71 190 155 aptantur,
216 91 317 131 eornm
337 82 471 132 rrenlrinn
488 83 586 153 aptum
605 83 662 136 est.
688 72 768 153 prins
786 93 822 131 ne
839 75 973 135 endiennr
992 76 1053 155 ‹lni-

10 175 134 256 iestigia
152 175 274 256 premit.
300 172 493 235 Srriliendarn
512 185 573 234 erat
595 172 808 255 ‘irreptantan

10 276 45 342 C.
64 279 86 341 7
106 276 341 358 Oudendorpins
358 278 480 339 retinuit
496 276 570 338 liant·
587 277 782 359 scripturam:
809 276 889 357 ‘an
907 280 985 341 saneto
1002 280 1053 341 dn-

10 402 68 444 nne
85 379 207 444 sublata
225 389 324 441 lanlns
341 379 465 441 incessit
481 381 580 454 linior,
598 379 676 441 ulad
686 390 852 442 extremum
863 400 965 443 easnrn
974 382 1052 465 peri·

10 504 105 548 rmnes
120 481 239 547 dedneti
255 482 441 557 uiderentur,
458 481 604 563 atquealii
616 478 1051 561 morariCnrsaremdieerenl‚

15 606 117 651 nanee
140 584 345 649 conscendere
367 584 496 659 iuberet,
513 584 564 647 alii
578 586 671 648 multo
687 586 854 667 grauiorem
870 586 1051 649 extimesce-

10 710 126 767 mnan,
143 688 221 771 qnod
238 708 335 769 neque
355 688 446 751 celari
466 687 683 751 Alexandrinis
699 697 823 771 possent
837 687 869 750 in
884 689 1050 771 apparenda

10 838 15 865 ‚
31 814 100 855 enm
116 802 173 854 tan
187 812 282 875 paruo
297 792 394 873 spatio
410 790 556 853 distarent
570 792 606 853 ab
622 791 708 874 ipsis,
726 810 822 871 neque
830 788 1053 853 illisinnninen·

10 918 13 951 ι
28 904 119 977 atque
132 893 356 975 insequentibus
373 895 449 956 ullas
463 894 494 955 in
504 914 597 957 naues
605 904 743 976 receptus
753 889 898 955 daretnr'.
923 888 1053 974 Sedipse

10 996 160 1079 ardnrpins
176 995 320 1081 probabat
337 996 421 1071 haee,
439 1016 515 1077 qnae
530 995 802 1059 inomnibusendd.
813 995 972 1075 leguntur:
993 992 1053 1055 ‘alii

10 1100 162 1183 agrarius
183 1100 419 1162 extimescerent
444 1100 567 1169 casnm'‚
586 1108 614 1161 et
632 1120 732 1161 easnrn
749 1118 817 1160 enin
833 1095 891 1159 diei
907 1097 1054 1178 interpre-

10 1224 58 1279 nr,
75 1202 155 1285 qnod
170 1223 248 1284 aqna
263 1202 301 1263 ab
316 1202 532 1265 Alexandrinis
548 1211 776 1284 eratenrrnpta.
803 1198 917 1264 Verum
935 1208 993 1261 tam
1012 1199 1054 1261 di·

10 1326 55 1367 en
69 1314 138 1367 ernt
155 1303 251 1367 ‘illum
265 1304 388 1381 carnin,
406 1314 438 1367 et
452 1326 490 1367 ne
507 1304 561 1367 hoe
576 1304 692 1387 quidem
709 1304 746 1366 ad
762 1304 939 1367 sententiam
953 1313 1052 1387 aptum

26 1404 139 1489 Neque
162 1406 241 1469 enirn
264 1428 365 1471 easnrn
388 1406 469 1469 illurn
497 1408 641 1471 timebant
663 1404 850 1485 Caesariani,
875 1407 982 1491 qnippe
1003 1406 1051 1488 qni

10 1520 61 1583 tet,
86 1510 142 1573 sed
166 1530 204 1572 ne
219 1510 351 1591 elingere
367 1530 427 1573 nnn
442 1518 575 1593 possent.
598 1508 781 1592 Fugiendum
797 1520 896 1573 antem
912 1511 1049 1573 ominibus

10 1623 107 1689 einr,
132 1612 185 1674 sed
201 1611 288 1675 alteri
305 1613 374 1695 lnge
388 1634 423 1677 se
438 1611 564 1675 salntem
581 1631 686 1696 parere
700 1613 872 1695 sperabant,
890 1612 976 1675 alteri
991 1614 1050 1673 sal-

10 1736 31 1781 e
48 1716 158 1798 ingere
174 1735 233 1777 non
255 1736 343 1797 posse
356 1714 574 1799 intellegebant
589 1734 684 1795 eoque
694 1714 923 1776 maioretinrore
939 1712 1053 1773 erneia-

10 1838 50 1881 rr.
90 1814 193 1899 ltaque
209 1818 244 1879 de
261 1814 306 1879 ll.
328 1814 450 1901 Hanplii
467 1817 615 1880 sententia
631 1826 750 1879 retento
765 1815 817 1877 illo
842 1814 1001 1895 ‘mains’
1024 1836 1056 1876 o-

10 1942 44 1983 ni
60 1922 196 1983 endieum
221 1920 344 1984 ‘casnm'
366 1920 461 1985 deleni
478 1930 613 2003 utpotea
634 1920 779 2001 magistro
801 1916 981 1999 ascriptum,
1009 1918 1058 2000 qni

10 2036 85 2089 atum
107 2023 295 2087 desiderabat
317 2034 349 2085 et
370 2024 524 2107 superiora
545 2023 689 2087 memoria
706 2021 828 2085 tenebat
844 2028 889 2083 ‘nt
903 2021 938 2083 ad
955 2029 1056 2083 extre-

24 2148 130 2191 eesnm
140 2126 264 2210 perienli
274 2125 502 2189 omnesdedneti
513 2125 709 2189 uiderentur'.
733 2123 851 2187 Deinde
867 2144 920 2206 pro
935 2124 1054 2187 soloeeo

10 2252 32 2295 a
56 2229 299 2293 ‘Alexandrinis'
330 2250 371 2293 ex
392 2226 466 2291 Par.
491 2250 553 2292 see.
586 2226 667 2292 Seal.
696 2226 785 2291 Voss.
805 2226 888 2311 posui
907 2227 1054 2289 ‘Alexan-

10 2334 29 2397 '.
60 2330 175 2416 Neque
198 2352 272 2395 nero
296 2332 351 2394 hoe
373 2332 441 2394 loen
463 2352 504 2393 ex
526 2332 676 2405 eodieilars
692 2332 847 2395 emendato
861 2328 1055 2392 dubitandum

10 2436 81 2521 quin
96 2456 179 2511 nnn,
196 2434 245 2515 qni
261 2444 381 2517 praeter
397 2433 474 2496 hune
489 2435 591 2497 eodem
608 2435 682 2499 uitio
698 2434 832 2506 laborat,
857 2428 953 2495 Corn.
972 2430 1053 2511 Nep.
