<?xml version="1.0" encoding="UTF-8"?>
<!DOCTYPE html PUBLIC "-//W3C//DTD XHTML 1.0 Transitional//EN"
    "http://www.w3.org/TR/xhtml1/DTD/xhtml1-transitional.dtd">
<html xmlns="http://www.w3.org/1999/xhtml" xml:lang="en" lang="en">
 <head>
  <title>
</title>
<meta http-equiv="Content-Type" content="text/html;charset=utf-8" />
  <meta name='ocr-system' content='tesseract 3.04.00' />
  <meta name='ocr-capabilities' content='ocr_page ocr_carea ocr_par ocr_line ocrx_word'/>
</head>
<body>
  <div class='ocr_page' id='page_1' title='image "./civliicaesarisc01hirtgoog_0450.png"; bbox 0 0 2646 5124; ppageno 0'>
   <div class='ocr_carea' id='block_1_1' title="bbox 378 598 1258 679">
    <p class='ocr_par' dir='ltr' id='par_1_1' title="bbox 378 598 1258 679">
     <span class='ocr_line' id='line_1_1' title="bbox 378 598 1258 679; baseline 0.007 -8"><span class='ocrx_word' id='word_1_1' title='bbox 378 598 521 671; x_wconf 77' lang='lat' dir='ltr'><strong>cuttu.</strong></span> <span class='ocrx_word' id='word_1_2' title='bbox 538 600 614 673; x_wconf 84' lang='lat' dir='ltr'><strong>Vlll</strong></span> <span class='ocrx_word' id='word_1_3' title='bbox 629 598 725 675; x_wconf 81' lang='lat' dir='ltr'><strong>GAP.</strong></span> <span class='ocrx_word' id='word_1_4' title='bbox 740 605 783 673; x_wconf 74' lang='lat' dir='ltr'><strong>aa</strong></span> <span class='ocrx_word' id='word_1_5' title='bbox 793 604 895 675; x_wconf 78' lang='lat'><strong>-25.</strong></span> <span class='ocrx_word' id='word_1_6' title='bbox 1192 608 1258 679; x_wconf 77' lang='lat' dir='ltr'><strong>dib</strong></span> 
     </span>
    </p>
   </div>
   <div class='ocr_carea' id='block_1_2' title="bbox 71 772 1258 2512">
    <p class='ocr_par' dir='ltr' id='par_1_2' title="bbox 71 772 1258 2512">
     <span class='ocr_line' id='line_1_2' title="bbox 159 772 1258 861; baseline 0.014 -22"><span class='ocrx_word' id='word_1_7' title='bbox 159 772 405 841; x_wconf 69' lang='lat' dir='ltr'><strong>Bellicosissimis</strong></span> <span class='ocrx_word' id='word_1_8' title='bbox 420 776 560 861; x_wconf 81' lang='lat' dir='ltr'><strong>gentibus</strong></span> <span class='ocrx_word' id='word_1_9' title='bbox 576 778 702 843; x_wconf 83' lang='lat' dir='ltr'><strong>deuictis</strong></span> <span class='ocrx_word' id='word_1_10' title='bbox 718 774 855 857; x_wconf 90' lang='lat' dir='ltr'><strong>Caesar,</strong></span> <span class='ocrx_word' id='word_1_11' title='bbox 872 798 938 843; x_wconf 88' lang='lat' dir='ltr'><strong>cnm</strong></span> <span class='ocrx_word' id='word_1_12' title='bbox 954 780 1071 845; x_wconf 90' lang='lat' dir='ltr'><strong>uideret</strong></span> <span class='ocrx_word' id='word_1_13' title='bbox 1086 784 1198 847; x_wconf 87' lang='lat' dir='ltr'><strong>nullam</strong></span> <span class='ocrx_word' id='word_1_14' title='bbox 1213 784 1258 853; x_wconf 79' lang='lat'><strong>24</strong></span> 
     </span>
     <span class='ocr_line' id='line_1_3' title="bbox 74 877 1200 966; baseline 0.004 -21"><span class='ocrx_word' id='word_1_15' title='bbox 74 879 133 945; x_wconf 84' lang='lat' dir='ltr'><strong>iam</strong></span> <span class='ocrx_word' id='word_1_16' title='bbox 148 899 220 943; x_wconf 88' lang='lat' dir='ltr'><strong>esse</strong></span> <span class='ocrx_word' id='word_1_17' title='bbox 235 877 411 957; x_wconf 87' lang='lat' dir='ltr'><strong>ciuitatem,</strong></span> <span class='ocrx_word' id='word_1_18' title='bbox 427 900 504 964; x_wconf 90' lang='lat' dir='ltr'><strong>quae</strong></span> <span class='ocrx_word' id='word_1_19' title='bbox 517 880 626 944; x_wconf 89' lang='lat' dir='ltr'><strong>bellurn</strong></span> <span class='ocrx_word' id='word_1_20' title='bbox 642 893 777 966; x_wconf 87' lang='lat' dir='ltr'><strong>pararet,</strong></span> <span class='ocrx_word' id='word_1_21' title='bbox 795 882 924 965; x_wconf 86' lang='lat' dir='ltr'><strong>quesibi</strong></span> <span class='ocrx_word' id='word_1_22' title='bbox 942 882 1118 961; x_wconf 74' lang='lat' dir='ltr'><strong>resisteret,</strong></span> <span class='ocrx_word' id='word_1_23' title='bbox 1146 886 1200 949; x_wconf 94' lang='lat' dir='ltr'><strong>sed</strong></span> 
     </span>
     <span class='ocr_line' id='line_1_4' title="bbox 74 982 1199 1071; baseline 0.004 -24"><span class='ocrx_word' id='word_1_24' title='bbox 74 982 238 1047; x_wconf 87' lang='lat' dir='ltr'><strong>nonnullos</strong></span> <span class='ocrx_word' id='word_1_25' title='bbox 254 1002 295 1047; x_wconf 76' lang='lat' dir='ltr'><strong>ex</strong></span> <span class='ocrx_word' id='word_1_26' title='bbox 317 982 432 1067; x_wconf 78' lang='lat' dir='ltr'><strong>oppidis</strong></span> <span class='ocrx_word' id='word_1_27' title='bbox 454 984 641 1069; x_wconf 74' lang='lat' dir='ltr'><strong>demigrare,</strong></span> <span class='ocrx_word' id='word_1_28' title='bbox 666 1005 706 1047; x_wconf 78' lang='lat' dir='ltr'><strong>ex</strong></span> <span class='ocrx_word' id='word_1_29' title='bbox 728 986 810 1069; x_wconf 83' lang='lat' dir='ltr'><strong>egris</strong></span> <span class='ocrx_word' id='word_1_30' title='bbox 831 985 975 1069; x_wconf 76' lang='lat' dir='ltr'><strong>diffugere</strong></span> <span class='ocrx_word' id='word_1_31' title='bbox 996 986 1032 1049; x_wconf 87' lang='lat' dir='ltr'><strong>ad</strong></span> <span class='ocrx_word' id='word_1_32' title='bbox 1055 1008 1199 1071; x_wconf 90' lang='lat' dir='ltr'><strong>praesens</strong></span> 
     </span>
     <span class='ocr_line' id='line_1_5' title="bbox 73 1083 1199 1171; baseline 0.002 -20"><span class='ocrx_word' id='word_1_33' title='bbox 73 1084 232 1169; x_wconf 73' lang='lat' dir='ltr'><strong>inperium</strong></span> <span class='ocrx_word' id='word_1_34' title='bbox 249 1083 440 1166; x_wconf 87' lang='lat' dir='ltr'><strong>euitandam,</strong></span> <span class='ocrx_word' id='word_1_35' title='bbox 458 1088 560 1171; x_wconf 91' lang='lat' dir='ltr'><strong>plures</strong></span> <span class='ocrx_word' id='word_1_36' title='bbox 576 1086 605 1149; x_wconf 94' lang='lat' dir='ltr'><strong>in</strong></span> <span class='ocrx_word' id='word_1_37' title='bbox 621 1098 722 1171; x_wconf 87' lang='lat' dir='ltr'><strong>partes</strong></span> <span class='ocrx_word' id='word_1_38' title='bbox 738 1088 904 1152; x_wconf 79' lang='lat' dir='ltr'><strong>exereitum</strong></span> <span class='ocrx_word' id='word_1_39' title='bbox 921 1088 1071 1153; x_wconf 71' lang='lat' dir='ltr'><strong>dimittere</strong></span> <span class='ocrx_word' id='word_1_40' title='bbox 1086 1090 1199 1154; x_wconf 90' lang='lat' dir='ltr'><strong>eonsti-</strong></span> 
     </span>
     <span class='ocr_line' id='line_1_6' title="bbox 74 1184 1238 1277; baseline 0.001 -23"><span class='ocrx_word' id='word_1_41' title='bbox 74 1188 146 1255; x_wconf 86' lang='lat' dir='ltr'><strong>tuit.</strong></span> <span class='ocrx_word' id='word_1_42' title='bbox 175 1184 225 1253; x_wconf 83' lang='lat' dir='ltr'><strong>bl.</strong></span> <span class='ocrx_word' id='word_1_43' title='bbox 241 1188 408 1253; x_wconf 88' lang='lat' dir='ltr'><strong>Antonium</strong></span> <span class='ocrx_word' id='word_1_44' title='bbox 431 1200 623 1277; x_wconf 82' lang='lat' dir='ltr'><strong>quaestorem</strong></span> <span class='ocrx_word' id='word_1_45' title='bbox 647 1213 715 1255; x_wconf 90' lang='lat' dir='ltr'><strong>oum</strong></span> <span class='ocrx_word' id='word_1_46' title='bbox 737 1190 854 1275; x_wconf 84' lang='lat' dir='ltr'><strong>legione</strong></span> <span class='ocrx_word' id='word_1_47' title='bbox 870 1192 1042 1255; x_wconf 88' lang='lat' dir='ltr'><strong>duodecima</strong></span> <span class='ocrx_word' id='word_1_48' title='bbox 1057 1192 1114 1255; x_wconf 91' lang='lat' dir='ltr'><strong>sibi</strong></span> <span class='ocrx_word' id='word_1_49' title='bbox 1129 1190 1238 1255; x_wconf 75' lang='lat' dir='ltr'><strong>con-2</strong></span> 
     </span>
     <span class='ocr_line' id='line_1_7' title="bbox 71 1287 1200 1377; baseline 0 -20"><span class='ocrx_word' id='word_1_50' title='bbox 71 1292 190 1377; x_wconf 68' lang='lat' dir='ltr'><strong>iungit,</strong></span> <span class='ocrx_word' id='word_1_51' title='bbox 216 1287 256 1356; x_wconf 84' lang='lat' dir='ltr'><strong>C.</strong></span> <span class='ocrx_word' id='word_1_52' title='bbox 271 1288 400 1357; x_wconf 87' lang='lat' dir='ltr'><strong>Fabium</strong></span> <span class='ocrx_word' id='word_1_53' title='bbox 422 1293 552 1377; x_wconf 81' lang='lat' dir='ltr'><strong>legatum</strong></span> <span class='ocrx_word' id='word_1_54' title='bbox 576 1315 643 1358; x_wconf 88' lang='lat' dir='ltr'><strong>curn</strong></span> <span class='ocrx_word' id='word_1_55' title='bbox 670 1294 843 1359; x_wconf 79' lang='lat' dir='ltr'><strong>cohortibus</strong></span> <span class='ocrx_word' id='word_1_56' title='bbox 858 1304 933 1359; x_wconf 81' lang='lat' dir='ltr'><strong>xxv</strong></span> <span class='ocrx_word' id='word_1_57' title='bbox 948 1294 1085 1359; x_wconf 84' lang='lat' dir='ltr'><strong>mittitis</strong></span> <span class='ocrx_word' id='word_1_58' title='bbox 1100 1293 1200 1358; x_wconf 90' lang='lat' dir='ltr'><strong>diuer-</strong></span> 
     </span>
     <span class='ocr_line' id='line_1_8' title="bbox 71 1392 1200 1481; baseline -0.002 -20"><span class='ocrx_word' id='word_1_59' title='bbox 71 1396 226 1461; x_wconf 88' lang='lat' dir='ltr'><strong>sissimam</strong></span> <span class='ocrx_word' id='word_1_60' title='bbox 240 1408 357 1480; x_wconf 87' lang='lat' dir='ltr'><strong>partem</strong></span> <span class='ocrx_word' id='word_1_61' title='bbox 366 1392 495 1475; x_wconf 85' lang='lat' dir='ltr'><strong>Galliae,</strong></span> <span class='ocrx_word' id='word_1_62' title='bbox 513 1399 590 1481; x_wconf 90' lang='lat' dir='ltr'><strong>quod</strong></span> <span class='ocrx_word' id='word_1_63' title='bbox 606 1397 647 1460; x_wconf 95' lang='lat' dir='ltr'><strong>ibi</strong></span> <span class='ocrx_word' id='word_1_64' title='bbox 663 1398 806 1481; x_wconf 88' lang='lat' dir='ltr'><strong>quasdam</strong></span> <span class='ocrx_word' id='word_1_65' title='bbox 823 1398 962 1462; x_wconf 90' lang='lat' dir='ltr'><strong>ciuitates</strong></span> <span class='ocrx_word' id='word_1_66' title='bbox 977 1399 1008 1459; x_wconf 93' lang='lat' dir='ltr'><strong>in</strong></span> <span class='ocrx_word' id='word_1_67' title='bbox 1023 1397 1117 1459; x_wconf 88' lang='lat' dir='ltr'><strong>armis</strong></span> <span class='ocrx_word' id='word_1_68' title='bbox 1132 1416 1200 1459; x_wconf 88' lang='lat' dir='ltr'><strong>esse</strong></span> 
     </span>
     <span class='ocr_line' id='line_1_9' title="bbox 72 1495 1201 1585; baseline -0.002 -22"><span class='ocrx_word' id='word_1_69' title='bbox 72 1498 218 1565; x_wconf 74' lang='lat' dir='ltr'><strong>audiebat</strong></span> <span class='ocrx_word' id='word_1_70' title='bbox 232 1518 331 1583; x_wconf 89' lang='lat' dir='ltr'><strong>neque</strong></span> <span class='ocrx_word' id='word_1_71' title='bbox 346 1496 385 1565; x_wconf 90' lang='lat' dir='ltr'><strong>C.</strong></span> <span class='ocrx_word' id='word_1_72' title='bbox 403 1495 563 1564; x_wconf 89' lang='lat' dir='ltr'><strong>Caninium</strong></span> <span class='ocrx_word' id='word_1_73' title='bbox 580 1498 721 1564; x_wconf 85' lang='lat' dir='ltr'><strong>llebilum</strong></span> <span class='ocrx_word' id='word_1_74' title='bbox 737 1502 887 1585; x_wconf 88' lang='lat' dir='ltr'><strong>legatum,</strong></span> <span class='ocrx_word' id='word_1_75' title='bbox 915 1500 964 1584; x_wconf 91' lang='lat' dir='ltr'><strong>qui</strong></span> <span class='ocrx_word' id='word_1_76' title='bbox 980 1501 1011 1562; x_wconf 92' lang='lat' dir='ltr'><strong>in</strong></span> <span class='ocrx_word' id='word_1_77' title='bbox 1027 1500 1086 1563; x_wconf 90' lang='lat' dir='ltr'><strong>illis</strong></span> <span class='ocrx_word' id='word_1_78' title='bbox 1101 1497 1201 1581; x_wconf 82' lang='lat' dir='ltr'><strong>regio-</strong></span> 
     </span>
     <span class='ocr_line' id='line_1_10' title="bbox 72 1597 1236 1688; baseline 0 -23"><span class='ocrx_word' id='word_1_79' title='bbox 72 1600 163 1665; x_wconf 89' lang='lat' dir='ltr'><strong>nibns</strong></span> <span class='ocrx_word' id='word_1_80' title='bbox 178 1612 258 1681; x_wconf 92' lang='lat' dir='ltr'><strong>erat,</strong></span> <span class='ocrx_word' id='word_1_81' title='bbox 274 1602 351 1666; x_wconf 90' lang='lat' dir='ltr'><strong>satis</strong></span> <span class='ocrx_word' id='word_1_82' title='bbox 366 1603 467 1667; x_wconf 88' lang='lat' dir='ltr'><strong>lirmas</strong></span> <span class='ocrx_word' id='word_1_83' title='bbox 483 1603 557 1667; x_wconf 91' lang='lat' dir='ltr'><strong>duas</strong></span> <span class='ocrx_word' id='word_1_84' title='bbox 572 1603 708 1688; x_wconf 85' lang='lat' dir='ltr'><strong>legiones</strong></span> <span class='ocrx_word' id='word_1_85' title='bbox 725 1604 836 1667; x_wconf 87' lang='lat' dir='ltr'><strong>babere</strong></span> <span class='ocrx_word' id='word_1_86' title='bbox 851 1602 1066 1669; x_wconf 77' lang='lat' dir='ltr'><strong>existumabat.</strong></span> <span class='ocrx_word' id='word_1_87' title='bbox 1097 1597 1198 1665; x_wconf 87' lang='lat' dir='ltr'><strong>Titum</strong></span> <span class='ocrx_word' id='word_1_88' title='bbox 1215 1599 1236 1665; x_wconf 85' lang='lat'><strong>3</strong></span> 
     </span>
     <span class='ocr_line' id='line_1_11' title="bbox 72 1700 1202 1789; baseline -0.004 -20"><span class='ocrx_word' id='word_1_89' title='bbox 72 1700 247 1769; x_wconf 75' lang='lat' dir='ltr'><strong>Labienum</strong></span> <span class='ocrx_word' id='word_1_90' title='bbox 262 1704 299 1767; x_wconf 89' lang='lat' dir='ltr'><strong>ad</strong></span> <span class='ocrx_word' id='word_1_91' title='bbox 315 1726 351 1769; x_wconf 90' lang='lat' dir='ltr'><strong>se</strong></span> <span class='ocrx_word' id='word_1_92' title='bbox 365 1716 492 1785; x_wconf 78' lang='lat' dir='ltr'><strong>euocat3</strong></span> <span class='ocrx_word' id='word_1_93' title='bbox 515 1706 663 1789; x_wconf 86' lang='lat' dir='ltr'><strong>legionem</strong></span> <span class='ocrx_word' id='word_1_94' title='bbox 679 1717 778 1771; x_wconf 91' lang='lat' dir='ltr'><strong>autem</strong></span> <span class='ocrx_word' id='word_1_95' title='bbox 794 1717 855 1783; x_wconf 81' lang='lat' dir='ltr'><strong>xv,</strong></span> <span class='ocrx_word' id='word_1_96' title='bbox 873 1726 949 1789; x_wconf 85' lang='lat' dir='ltr'><strong>quae</strong></span> <span class='ocrx_word' id='word_1_97' title='bbox 965 1726 1031 1769; x_wconf 91' lang='lat' dir='ltr'><strong>cum</strong></span> <span class='ocrx_word' id='word_1_98' title='bbox 1049 1726 1085 1769; x_wconf 93' lang='lat' dir='ltr'><strong>co</strong></span> <span class='ocrx_word' id='word_1_99' title='bbox 1101 1706 1202 1767; x_wconf 89' lang='lat' dir='ltr'><strong>iuerat</strong></span> 
     </span>
     <span class='ocr_line' id='line_1_12' title="bbox 71 1804 1201 1894; baseline -0.002 -23"><span class='ocrx_word' id='word_1_100' title='bbox 71 1806 104 1871; x_wconf 89' lang='lat' dir='ltr'><strong>iu</strong></span> <span class='ocrx_word' id='word_1_101' title='bbox 118 1806 275 1887; x_wconf 82' lang='lat' dir='ltr'><strong>bibernis,</strong></span> <span class='ocrx_word' id='word_1_102' title='bbox 298 1808 330 1870; x_wconf 95' lang='lat' dir='ltr'><strong>in</strong></span> <span class='ocrx_word' id='word_1_103' title='bbox 354 1818 483 1894; x_wconf 87' lang='lat' dir='ltr'><strong>togatam</strong></span> <span class='ocrx_word' id='word_1_104' title='bbox 500 1805 628 1873; x_wconf 85' lang='lat' dir='ltr'><strong>Galliam</strong></span> <span class='ocrx_word' id='word_1_105' title='bbox 651 1809 742 1873; x_wconf 89' lang='lat' dir='ltr'><strong>mittit</strong></span> <span class='ocrx_word' id='word_1_106' title='bbox 757 1811 793 1873; x_wconf 92' lang='lat' dir='ltr'><strong>ad</strong></span> <span class='ocrx_word' id='word_1_107' title='bbox 810 1809 944 1873; x_wconf 86' lang='lat' dir='ltr'><strong>colonias</strong></span> <span class='ocrx_word' id='word_1_108' title='bbox 960 1808 1071 1872; x_wconf 89' lang='lat' dir='ltr'><strong>ciuium</strong></span> <span class='ocrx_word' id='word_1_109' title='bbox 1087 1804 1201 1869; x_wconf 85' lang='lat' dir='ltr'><strong>lloma·</strong></span> 
     </span>
     <span class='ocr_line' id='line_1_13' title="bbox 75 1908 1200 1994; baseline -0.004 -19"><span class='ocrx_word' id='word_1_110' title='bbox 75 1928 181 1975; x_wconf 83' lang='lat' dir='ltr'><strong>sorum</strong></span> <span class='ocrx_word' id='word_1_111' title='bbox 198 1910 345 1987; x_wconf 86' lang='lat' dir='ltr'><strong>tuendas,</strong></span> <span class='ocrx_word' id='word_1_112' title='bbox 361 1933 401 1975; x_wconf 89' lang='lat' dir='ltr'><strong>ne</strong></span> <span class='ocrx_word' id='word_1_113' title='bbox 416 1911 493 1994; x_wconf 93' lang='lat' dir='ltr'><strong>quod</strong></span> <span class='ocrx_word' id='word_1_114' title='bbox 508 1911 606 1975; x_wconf 91' lang='lat' dir='ltr'><strong>sinrile</strong></span> <span class='ocrx_word' id='word_1_115' title='bbox 623 1911 838 1977; x_wconf 84' lang='lat' dir='ltr'><strong>incommodum</strong></span> <span class='ocrx_word' id='word_1_116' title='bbox 854 1913 1005 1976; x_wconf 84' lang='lat' dir='ltr'><strong>accideret</strong></span> <span class='ocrx_word' id='word_1_117' title='bbox 1021 1908 1200 1974; x_wconf 78' lang='lat' dir='ltr'><strong>decursione</strong></span> 
     </span>
     <span class='ocr_line' id='line_1_14' title="bbox 71 2010 1200 2102; baseline -0.002 -25"><span class='ocrx_word' id='word_1_118' title='bbox 71 2010 292 2091; x_wconf 88' lang='lat' dir='ltr'><strong>barbarorum,</strong></span> <span class='ocrx_word' id='word_1_119' title='bbox 315 2033 352 2077; x_wconf 88' lang='lat' dir='ltr'><strong>ao</strong></span> <span class='ocrx_word' id='word_1_120' title='bbox 371 2014 530 2099; x_wconf 89' lang='lat' dir='ltr'><strong>superiore</strong></span> <span class='ocrx_word' id='word_1_121' title='bbox 544 2026 661 2081; x_wconf 83' lang='lat' dir='ltr'><strong>aestate</strong></span> <span class='ocrx_word' id='word_1_122' title='bbox 677 2015 869 2102; x_wconf 79' lang='lat' dir='ltr'><strong>Tergestinis</strong></span> <span class='ocrx_word' id='word_1_123' title='bbox 884 2016 1054 2092; x_wconf 86' lang='lat' dir='ltr'><strong>acciderat,</strong></span> <span class='ocrx_word' id='word_1_124' title='bbox 1079 2012 1129 2097; x_wconf 91' lang='lat' dir='ltr'><strong>qui</strong></span> <span class='ocrx_word' id='word_1_125' title='bbox 1150 2032 1200 2075; x_wconf 91' lang='lat' dir='ltr'><strong>rc·</strong></span> 
     </span>
     <span class='ocr_line' id='line_1_15' title="bbox 73 2111 1236 2204; baseline -0.001 -26"><span class='ocrx_word' id='word_1_126' title='bbox 73 2114 200 2199; x_wconf 76' lang='lat' dir='ltr'><strong>pentim</strong></span> <span class='ocrx_word' id='word_1_127' title='bbox 215 2113 376 2181; x_wconf 78' lang='lat' dir='ltr'><strong>latrocinio</strong></span> <span class='ocrx_word' id='word_1_128' title='bbox 396 2128 487 2201; x_wconf 90' lang='lat' dir='ltr'><strong>atque</strong></span> <span class='ocrx_word' id='word_1_129' title='bbox 508 2120 620 2204; x_wconf 89' lang='lat' dir='ltr'><strong>impetu</strong></span> <span class='ocrx_word' id='word_1_130' title='bbox 641 2120 759 2183; x_wconf 90' lang='lat' dir='ltr'><strong>illorum</strong></span> <span class='ocrx_word' id='word_1_131' title='bbox 783 2131 874 2184; x_wconf 88' lang='lat' dir='ltr'><strong>erant</strong></span> <span class='ocrx_word' id='word_1_132' title='bbox 897 2118 1044 2204; x_wconf 89' lang='lat' dir='ltr'><strong>oppressi.</strong></span> <span class='ocrx_word' id='word_1_133' title='bbox 1078 2114 1146 2201; x_wconf 88' lang='lat' dir='ltr'><strong>lpse</strong></span> <span class='ocrx_word' id='word_1_134' title='bbox 1161 2111 1236 2179; x_wconf 80' lang='lat' dir='ltr'><strong>aus</strong></span> 
     </span>
     <span class='ocr_line' id='line_1_16' title="bbox 71 2218 1199 2307; baseline -0.004 -24"><span class='ocrx_word' id='word_1_135' title='bbox 71 2218 242 2283; x_wconf 84' lang='lat' dir='ltr'><strong>uastandos</strong></span> <span class='ocrx_word' id='word_1_136' title='bbox 263 2218 543 2304; x_wconf 74' lang='lat' dir='ltr'><strong>depopulandosque</strong></span> <span class='ocrx_word' id='word_1_137' title='bbox 566 2224 642 2285; x_wconf 84' lang='lat' dir='ltr'><strong>bnes</strong></span> <span class='ocrx_word' id='word_1_138' title='bbox 657 2222 843 2307; x_wconf 79' lang='lat' dir='ltr'><strong>Ambiorigis</strong></span> <span class='ocrx_word' id='word_1_139' title='bbox 868 2221 1087 2304; x_wconf 79' lang='lat' dir='ltr'><strong>prolicisoitur3</strong></span> <span class='ocrx_word' id='word_1_140' title='bbox 1112 2238 1199 2301; x_wconf 89' lang='lat' dir='ltr'><strong>quem</strong></span> 
     </span>
     <span class='ocr_line' id='line_1_17' title="bbox 72 2318 1198 2409; baseline -0.003 -25"><span class='ocrx_word' id='word_1_141' title='bbox 72 2318 272 2405; x_wconf 78' lang='lat' dir='ltr'><strong>perterritum</strong></span> <span class='ocrx_word' id='word_1_142' title='bbox 291 2342 328 2387; x_wconf 86' lang='lat' dir='ltr'><strong>ac</strong></span> <span class='ocrx_word' id='word_1_143' title='bbox 350 2322 514 2409; x_wconf 80' lang='lat' dir='ltr'><strong>lugientem</strong></span> <span class='ocrx_word' id='word_1_144' title='bbox 539 2345 606 2386; x_wconf 86' lang='lat' dir='ltr'><strong>cuna</strong></span> <span class='ocrx_word' id='word_1_145' title='bbox 630 2324 726 2409; x_wconf 79' lang='lat' dir='ltr'><strong>redigi</strong></span> <span class='ocrx_word' id='word_1_146' title='bbox 750 2324 889 2405; x_wconf 89' lang='lat' dir='ltr'><strong>possein</strong></span> <span class='ocrx_word' id='word_1_147' title='bbox 913 2342 997 2385; x_wconf 86' lang='lat' dir='ltr'><strong>suana</strong></span> <span class='ocrx_word' id='word_1_148' title='bbox 1020 2332 1198 2405; x_wconf 85' lang='lat' dir='ltr'><strong>potestatem</strong></span> 
     </span>
     <span class='ocr_line' id='line_1_18' title="bbox 74 2420 1200 2512; baseline -0.004 -26"><span class='ocrx_word' id='word_1_149' title='bbox 74 2420 291 2507; x_wconf 80' lang='lat' dir='ltr'><strong>desperasset,</strong></span> <span class='ocrx_word' id='word_1_150' title='bbox 312 2426 481 2511; x_wconf 82' lang='lat' dir='ltr'><strong>proximum</strong></span> <span class='ocrx_word' id='word_1_151' title='bbox 504 2446 579 2490; x_wconf 89' lang='lat' dir='ltr'><strong>suae</strong></span> <span class='ocrx_word' id='word_1_152' title='bbox 602 2425 758 2512; x_wconf 81' lang='lat' dir='ltr'><strong>dignitatis</strong></span> <span class='ocrx_word' id='word_1_153' title='bbox 774 2446 844 2489; x_wconf 88' lang='lat' dir='ltr'><strong>esse</strong></span> <span class='ocrx_word' id='word_1_154' title='bbox 858 2424 1003 2499; x_wconf 84' lang='lat' dir='ltr'><strong>ducebat,</strong></span> <span class='ocrx_word' id='word_1_155' title='bbox 1027 2422 1102 2485; x_wconf 87' lang='lat' dir='ltr'><strong>adeo</strong></span> <span class='ocrx_word' id='word_1_156' title='bbox 1126 2422 1200 2483; x_wconf 88' lang='lat' dir='ltr'><strong>lines</strong></span> 
     </span>
    </p>
   </div>
   <div class='ocr_carea' id='block_1_3' title="bbox 70 2521 1258 3027">
    <p class='ocr_par' dir='ltr' id='par_1_3' title="bbox 70 2521 1258 3027">
     <span class='ocr_line' id='line_1_19' title="bbox 73 2521 1199 2614; baseline -0.006 -25"><span class='ocrx_word' id='word_1_157' title='bbox 73 2524 144 2589; x_wconf 70' lang='lat' dir='ltr'><strong>sm</strong></span> <span class='ocrx_word' id='word_1_158' title='bbox 161 2536 284 2591; x_wconf 85' lang='lat' dir='ltr'><strong>uastare</strong></span> <span class='ocrx_word' id='word_1_159' title='bbox 296 2528 425 2607; x_wconf 81' lang='lat' dir='ltr'><strong>ambus,</strong></span> <span class='ocrx_word' id='word_1_160' title='bbox 443 2529 599 2607; x_wconf 83' lang='lat' dir='ltr'><strong>aediliciis,</strong></span> <span class='ocrx_word' id='word_1_161' title='bbox 617 2549 737 2614; x_wconf 92' lang='lat' dir='ltr'><strong>pecore,</strong></span> <span class='ocrx_word' id='word_1_162' title='bbox 755 2538 789 2592; x_wconf 94' lang='lat' dir='ltr'><strong>ut</strong></span> <span class='ocrx_word' id='word_1_163' title='bbox 804 2528 872 2590; x_wconf 88' lang='lat' dir='ltr'><strong>odio</strong></span> <span class='ocrx_word' id='word_1_164' title='bbox 887 2546 1010 2589; x_wconf 90' lang='lat' dir='ltr'><strong>suorum</strong></span> <span class='ocrx_word' id='word_1_165' title='bbox 1027 2521 1199 2598; x_wconf 78' lang='lat' dir='ltr'><strong>Ambiorix,</strong></span> 
     </span>
     <span class='ocr_line' id='line_1_20' title="bbox 72 2626 1201 2715; baseline -0.007 -24"><span class='ocrx_word' id='word_1_166' title='bbox 72 2626 194 2711; x_wconf 88' lang='lat' dir='ltr'><strong>siquos</strong></span> <span class='ocrx_word' id='word_1_167' title='bbox 209 2630 328 2695; x_wconf 79' lang='lat' dir='ltr'><strong>lorbrna</strong></span> <span class='ocrx_word' id='word_1_168' title='bbox 349 2631 481 2715; x_wconf 88' lang='lat' dir='ltr'><strong>reliquos</strong></span> <span class='ocrx_word' id='word_1_169' title='bbox 502 2632 643 2709; x_wconf 83' lang='lat' dir='ltr'><strong>lecisset,</strong></span> <span class='ocrx_word' id='word_1_170' title='bbox 668 2631 780 2696; x_wconf 88' lang='lat' dir='ltr'><strong>nullum</strong></span> <span class='ocrx_word' id='word_1_171' title='bbox 804 2631 933 2696; x_wconf 90' lang='lat' dir='ltr'><strong>reditum</strong></span> <span class='ocrx_word' id='word_1_172' title='bbox 957 2636 1079 2713; x_wconf 91' lang='lat' dir='ltr'><strong>propter</strong></span> <span class='ocrx_word' id='word_1_173' title='bbox 1101 2630 1201 2687; x_wconf 89' lang='lat' dir='ltr'><strong>tantas</strong></span> 
     </span>
     <span class='ocr_line' id='line_1_21' title="bbox 72 2721 1258 2815; baseline -0.003 -20"><span class='ocrx_word' id='word_1_174' title='bbox 72 2728 261 2797; x_wconf 76' lang='lat' dir='ltr'><strong>calamitates</strong></span> <span class='ocrx_word' id='word_1_175' title='bbox 283 2734 408 2799; x_wconf 83' lang='lat' dir='ltr'><strong>baberet</strong></span> <span class='ocrx_word' id='word_1_176' title='bbox 427 2734 460 2798; x_wconf 94' lang='lat' dir='ltr'><strong>in</strong></span> <span class='ocrx_word' id='word_1_177' title='bbox 483 2734 646 2799; x_wconf 87' lang='lat' dir='ltr'><strong>ciuitatem.</strong></span> <span class='ocrx_word' id='word_1_178' title='bbox 688 2731 765 2799; x_wconf 84' lang='lat' dir='ltr'><strong>Cum</strong></span> <span class='ocrx_word' id='word_1_179' title='bbox 795 2734 826 2797; x_wconf 94' lang='lat' dir='ltr'><strong>in</strong></span> <span class='ocrx_word' id='word_1_180' title='bbox 847 2753 952 2796; x_wconf 87' lang='lat' dir='ltr'><strong>omnes</strong></span> <span class='ocrx_word' id='word_1_181' title='bbox 975 2738 1076 2815; x_wconf 86' lang='lat' dir='ltr'><strong>partes</strong></span> <span class='ocrx_word' id='word_1_182' title='bbox 1097 2724 1197 2789; x_wconf 88' lang='lat' dir='ltr'><strong>linium</strong></span> <span class='ocrx_word' id='word_1_183' title='bbox 1213 2721 1258 2791; x_wconf 78' lang='lat'><strong>25</strong></span> 
     </span>
     <span class='ocr_line' id='line_1_22' title="bbox 71 2826 1201 2921; baseline -0.007 -24"><span class='ocrx_word' id='word_1_184' title='bbox 71 2832 257 2921; x_wconf 81' lang='lat' dir='ltr'><strong>Ambiorigis</strong></span> <span class='ocrx_word' id='word_1_185' title='bbox 271 2847 326 2900; x_wconf 89' lang='lat' dir='ltr'><strong>aut</strong></span> <span class='ocrx_word' id='word_1_186' title='bbox 339 2837 478 2921; x_wconf 88' lang='lat' dir='ltr'><strong>legiones</strong></span> <span class='ocrx_word' id='word_1_187' title='bbox 493 2850 545 2902; x_wconf 90' lang='lat' dir='ltr'><strong>aut</strong></span> <span class='ocrx_word' id='word_1_188' title='bbox 566 2838 680 2901; x_wconf 84' lang='lat' dir='ltr'><strong>auxilia</strong></span> <span class='ocrx_word' id='word_1_189' title='bbox 703 2836 867 2901; x_wconf 86' lang='lat' dir='ltr'><strong>dimisisset</strong></span> <span class='ocrx_word' id='word_1_190' title='bbox 880 2847 970 2917; x_wconf 89' lang='lat' dir='ltr'><strong>atque</strong></span> <span class='ocrx_word' id='word_1_191' title='bbox 987 2830 1084 2897; x_wconf 88' lang='lat' dir='ltr'><strong>omnia</strong></span> <span class='ocrx_word' id='word_1_192' title='bbox 1101 2826 1201 2893; x_wconf 83' lang='lat' dir='ltr'><strong>caedi-</strong></span> 
     </span>
     <span class='ocr_line' id='line_1_23' title="bbox 70 2932 1199 3027; baseline -0.007 -26"><span class='ocrx_word' id='word_1_193' title='bbox 70 2932 142 3013; x_wconf 88' lang='lat' dir='ltr'><strong>bus,</strong></span> <span class='ocrx_word' id='word_1_194' title='bbox 156 2936 325 3017; x_wconf 89' lang='lat' dir='ltr'><strong>incendiis,</strong></span> <span class='ocrx_word' id='word_1_195' title='bbox 348 2941 464 3027; x_wconf 88' lang='lat' dir='ltr'><strong>rapinis</strong></span> <span class='ocrx_word' id='word_1_196' title='bbox 487 2952 656 3017; x_wconf 87' lang='lat' dir='ltr'><strong>uastasset,</strong></span> <span class='ocrx_word' id='word_1_197' title='bbox 673 2961 782 3025; x_wconf 89' lang='lat' dir='ltr'><strong>magno</strong></span> <span class='ocrx_word' id='word_1_198' title='bbox 798 2960 923 3003; x_wconf 88' lang='lat' dir='ltr'><strong>uumcro</strong></span> <span class='ocrx_word' id='word_1_199' title='bbox 940 2938 1089 3001; x_wconf 86' lang='lat' dir='ltr'><strong>lrorniuum</strong></span> <span class='ocrx_word' id='word_1_200' title='bbox 1106 2932 1199 2995; x_wconf 91' lang='lat' dir='ltr'><strong>inter·</strong></span> 
     </span>
    </p>
   </div>
   <div class='ocr_carea' id='block_1_4' title="bbox 69 3188 1202 4745">
    <p class='ocr_par' dir='ltr' id='par_1_4' title="bbox 69 3188 1202 4745">
     <span class='ocr_line' id='line_1_24' title="bbox 183 3188 1200 3263; baseline -0.01 -16"><span class='ocrx_word' id='word_1_201' title='bbox 183 3194 196 3247; x_wconf 99' lang='grc'>1</span> <span class='ocrx_word' id='word_1_202' title='bbox 211 3196 291 3249; x_wconf 89' lang='lat' dir='ltr'><strong>uictis</strong></span> <span class='ocrx_word' id='word_1_203' title='bbox 305 3198 351 3249; x_wconf 86' lang='lat' dir='ltr'><strong>be.</strong></span> <span class='ocrx_word' id='word_1_204' title='bbox 456 3200 473 3253; x_wconf 79' lang='lat'>2</span> <span class='ocrx_word' id='word_1_205' title='bbox 487 3200 537 3251; x_wconf 89' lang='lat' dir='ltr'><strong>iam</strong></span> <span class='ocrx_word' id='word_1_206' title='bbox 549 3215 603 3251; x_wconf 90' lang='lat' dir='ltr'><strong>nm.</strong></span> <span class='ocrx_word' id='word_1_207' title='bbox 619 3200 665 3250; x_wconf 84' lang='lat' dir='ltr'><strong>bc.</strong></span> <span class='ocrx_word' id='word_1_208' title='bbox 777 3198 872 3247; x_wconf 88' lang='lat' dir='ltr'><strong>bellum</strong></span> <span class='ocrx_word' id='word_1_209' title='bbox 887 3203 994 3263; x_wconf 85' lang='lat' dir='ltr'><strong>pararet</strong></span> <span class='ocrx_word' id='word_1_210' title='bbox 1006 3194 1031 3244; x_wconf 85' lang='lat' dir='ltr'><strong>A</strong></span> <span class='ocrx_word' id='word_1_211' title='bbox 1039 3192 1131 3253; x_wconf 81' lang='lat' dir='ltr'><strong>bede,</strong></span> <span class='ocrx_word' id='word_1_212' title='bbox 1145 3188 1200 3239; x_wconf 90' lang='lat' dir='ltr'><strong>bol-</strong></span> 
     </span>
     <span class='ocr_line' id='line_1_25' title="bbox 71 3266 1200 3343; baseline -0.007 -21"><span class='ocrx_word' id='word_1_213' title='bbox 71 3270 125 3323; x_wconf 74' lang='lat' dir='ltr'><strong>lum</strong></span> <span class='ocrx_word' id='word_1_214' title='bbox 138 3271 165 3323; x_wconf 91' lang='lat' dir='ltr'><strong>id</strong></span> <span class='ocrx_word' id='word_1_215' title='bbox 179 3281 284 3339; x_wconf 83' lang='lat' dir='ltr'><strong>pararet</strong></span> <span class='ocrx_word' id='word_1_216' title='bbox 296 3276 320 3327; x_wconf 88' lang='lat' dir='ltr'><em>B</em></span> <span class='ocrx_word' id='word_1_217' title='bbox 335 3276 408 3327; x_wconf 66' lang='lat' dir='ltr'><strong>‘mam</strong></span> <span class='ocrx_word' id='word_1_218' title='bbox 424 3278 474 3329; x_wconf 87' lang='lat' dir='ltr'><strong>il’.</strong></span> <span class='ocrx_word' id='word_1_219' title='bbox 580 3294 630 3343; x_wconf 93' lang='lat' dir='ltr'><strong>quo</strong></span> <span class='ocrx_word' id='word_1_220' title='bbox 643 3276 757 3339; x_wconf 76' lang='lat' dir='ltr'><strong>Asse,</strong></span> <span class='ocrx_word' id='word_1_221' title='bbox 772 3274 838 3341; x_wconf 90' lang='lat' dir='ltr'><strong>qnod</strong></span> <span class='ocrx_word' id='word_1_222' title='bbox 854 3274 994 3337; x_wconf 82' lang='lat' dir='ltr'><strong>‘plurimi&#39;</strong></span> <span class='ocrx_word' id='word_1_223' title='bbox 1007 3273 1036 3319; x_wconf 83' lang='lat' dir='ltr'><strong>ct</strong></span> <span class='ocrx_word' id='word_1_224' title='bbox 1046 3284 1100 3317; x_wconf 83' lang='lat' dir='ltr'><strong>sec.</strong></span> <span class='ocrx_word' id='word_1_225' title='bbox 1114 3282 1151 3315; x_wconf 87' lang='lat' dir='ltr'><strong>m.</strong></span> <span class='ocrx_word' id='word_1_226' title='bbox 1166 3266 1200 3315; x_wconf 84' lang='lat' dir='ltr'><strong>B.</strong></span> 
     </span>
     <span class='ocr_line' id='line_1_26' title="bbox 183 3341 1200 3419; baseline -0.007 -14"><span class='ocrx_word' id='word_1_227' title='bbox 183 3352 199 3405; x_wconf 76' lang='lat' dir='ltr'><strong>d</strong></span> <span class='ocrx_word' id='word_1_228' title='bbox 212 3352 338 3418; x_wconf 66' lang='lat' dir='ltr'><strong>diffugere</strong></span> <span class='ocrx_word' id='word_1_229' title='bbox 350 3355 376 3406; x_wconf 87' lang='lat' dir='ltr'><em>B</em></span> <span class='ocrx_word' id='word_1_230' title='bbox 388 3354 463 3405; x_wconf 65' lang='lat' dir='ltr'><strong>‘mse</strong></span> <span class='ocrx_word' id='word_1_231' title='bbox 480 3356 530 3418; x_wconf 81' lang='lat' dir='ltr'><strong>li&#39;,</strong></span> <span class='ocrx_word' id='word_1_232' title='bbox 545 3355 670 3419; x_wconf 72' lang='lat' dir='ltr'><strong>defugere</strong></span> <span class='ocrx_word' id='word_1_233' title='bbox 683 3356 709 3406; x_wconf 85' lang='lat' dir='ltr'><strong>A</strong></span> <span class='ocrx_word' id='word_1_234' title='bbox 715 3368 739 3403; x_wconf 84' lang='lat' dir='ltr'><strong>c.</strong></span> <span class='ocrx_word' id='word_1_235' title='bbox 872 3354 887 3401; x_wconf 82' lang='lat'><strong>5</strong></span> <span class='ocrx_word' id='word_1_236' title='bbox 900 3348 935 3400; x_wconf 86' lang='lat' dir='ltr'><strong>ll.</strong></span> <span class='ocrx_word' id='word_1_237' title='bbox 949 3345 1114 3412; x_wconf 63' lang='lat' dir='ltr'><strong>superductu</strong></span> <span class='ocrx_word' id='word_1_238' title='bbox 1127 3341 1200 3391; x_wconf 68' lang='grc' dir='ltr'><strong>ΗΜ</strong></span> 
     </span>
     <span class='ocr_line' id='line_1_27' title="bbox 70 3420 1201 3491; baseline -0.012 -12"><span class='ocrx_word' id='word_1_239' title='bbox 70 3426 105 3491; x_wconf 82' lang='grc' dir='ltr'><strong>Β,</strong></span> <span class='ocrx_word' id='word_1_240' title='bbox 118 3442 175 3479; x_wconf 78' lang='lat' dir='ltr'><strong>osu.</strong></span> <span class='ocrx_word' id='word_1_241' title='bbox 189 3430 224 3481; x_wconf 92' lang='lat' dir='ltr'><strong>A.</strong></span> <span class='ocrx_word' id='word_1_242' title='bbox 331 3431 516 3484; x_wconf 80' lang='lat' dir='ltr'><strong>duodecimall</strong></span> <span class='ocrx_word' id='word_1_243' title='bbox 529 3438 556 3483; x_wconf 83' lang='lat' dir='ltr'><strong>et</strong></span> <span class='ocrx_word' id='word_1_244' title='bbox 568 3437 608 3481; x_wconf 82' lang='lat' dir='ltr'><strong>sic</strong></span> <span class='ocrx_word' id='word_1_245' title='bbox 623 3432 677 3482; x_wconf 85' lang='lat' dir='ltr'><strong>‘uel</strong></span> <span class='ocrx_word' id='word_1_246' title='bbox 689 3446 726 3481; x_wconf 79' lang='lat' dir='ltr'><strong>au</strong></span> <span class='ocrx_word' id='word_1_247' title='bbox 738 3445 802 3479; x_wconf 82' lang='lat' dir='ltr'><strong>mar.</strong></span> <span class='ocrx_word' id='word_1_248' title='bbox 818 3432 927 3477; x_wconf 81' lang='lat' dir='ltr'><strong>tontum</strong></span> <span class='ocrx_word' id='word_1_249' title='bbox 940 3440 994 3474; x_wconf 80' lang='lat' dir='ltr'><strong>non</strong></span> <span class='ocrx_word' id='word_1_250' title='bbox 1008 3420 1107 3472; x_wconf 81' lang='lat' dir='ltr'><strong>onrnca&#39;</strong></span> <span class='ocrx_word' id='word_1_251' title='bbox 1118 3436 1140 3481; x_wconf 83' lang='lat' dir='ltr'><strong>e,</strong></span> <span class='ocrx_word' id='word_1_252' title='bbox 1154 3432 1201 3466; x_wconf 93' lang='lat' dir='ltr'><strong>un-</strong></span> 
     </span>
     <span class='ocr_line' id='line_1_28' title="bbox 70 3496 1201 3573; baseline -0.01 -18"><span class='ocrx_word' id='word_1_253' title='bbox 70 3503 175 3556; x_wconf 84' lang='lat' dir='ltr'><strong>decima</strong></span> <span class='ocrx_word' id='word_1_254' title='bbox 186 3502 219 3558; x_wconf 83' lang='lat' dir='ltr'><strong>P.</strong></span> <span class='ocrx_word' id='word_1_255' title='bbox 232 3504 376 3560; x_wconf 68' lang='lat' dir='ltr'><strong>Honorius</strong></span> <span class='ocrx_word' id='word_1_256' title='bbox 389 3524 416 3559; x_wconf 82' lang='lat' dir='ltr'><strong>o.</strong></span> <span class='ocrx_word' id='word_1_257' title='bbox 523 3510 539 3561; x_wconf 80' lang='lat' dir='ltr'><strong>b</strong></span> <span class='ocrx_word' id='word_1_258' title='bbox 553 3507 584 3559; x_wconf 86' lang='lat' dir='ltr'><strong>G.</strong></span> <span class='ocrx_word' id='word_1_259' title='bbox 599 3508 764 3573; x_wconf 82' lang='lat' dir='ltr'><strong>superducto</strong></span> <span class='ocrx_word' id='word_1_260' title='bbox 777 3505 851 3555; x_wconf 80' lang='lat' dir='ltr'><strong>lineo</strong></span> <span class='ocrx_word' id='word_1_261' title='bbox 864 3504 897 3553; x_wconf 93' lang='grc' dir='ltr'><strong>Β.</strong></span> <span class='ocrx_word' id='word_1_262' title='bbox 1003 3496 1130 3549; x_wconf 82' lang='lat' dir='ltr'><strong>iGoliine</strong></span> <span class='ocrx_word' id='word_1_263' title='bbox 1144 3508 1201 3559; x_wconf 89' lang='lat' dir='ltr'><strong>par-</strong></span> 
     </span>
     <span class='ocr_line' id='line_1_29' title="bbox 69 3576 1201 3654; baseline -0.011 -17"><span class='ocrx_word' id='word_1_264' title='bbox 69 3590 124 3637; x_wconf 73' lang='lat' dir='ltr'><strong>ts!</strong></span> <span class='ocrx_word' id='word_1_265' title='bbox 138 3586 228 3637; x_wconf 80' lang='lat' dir='ltr'><strong>eussb</strong></span> <span class='ocrx_word' id='word_1_266' title='bbox 243 3586 329 3639; x_wconf 70' lang='lat' dir='ltr'><strong>Oscos.</strong></span> <span class='ocrx_word' id='word_1_267' title='bbox 343 3606 370 3639; x_wconf 85' lang='lat' dir='ltr'><strong>s.</strong></span> <span class='ocrx_word' id='word_1_268' title='bbox 475 3586 537 3639; x_wconf 82' lang='lat' dir='ltr'><strong>8G.</strong></span> <span class='ocrx_word' id='word_1_269' title='bbox 552 3587 803 3654; x_wconf 81' lang='lat' dir='ltr'><strong>lr&#39;neosuperductu</strong></span> <span class='ocrx_word' id='word_1_270' title='bbox 815 3585 848 3635; x_wconf 88' lang='grc' dir='ltr'><strong>Β.</strong></span> <span class='ocrx_word' id='word_1_271' title='bbox 965 3576 1201 3639; x_wconf 61' lang='lat' dir='ltr'><strong>institissent</strong></span> 
     </span>
     <span class='ocr_line' id='line_1_30' title="bbox 69 3652 1201 3733; baseline -0.014 -16"><span class='ocrx_word' id='word_1_272' title='bbox 69 3662 162 3717; x_wconf 78' lang='lat' dir='ltr'><strong>Asc</strong></span> <span class='ocrx_word' id='word_1_273' title='bbox 169 3664 206 3727; x_wconf 84' lang='grc' dir='ltr'><strong>Β,</strong></span> <span class='ocrx_word' id='word_1_274' title='bbox 218 3662 245 3716; x_wconf 82' lang='grc' dir='ltr'><strong>1ιι</strong></span> <span class='ocrx_word' id='word_1_275' title='bbox 258 3666 312 3717; x_wconf 90' lang='lat' dir='ltr'><strong>illia</strong></span> <span class='ocrx_word' id='word_1_276' title='bbox 326 3683 381 3733; x_wconf 82' lang='lat' dir='ltr'><strong>reg.</strong></span> <span class='ocrx_word' id='word_1_277' title='bbox 395 3675 518 3733; x_wconf 77' lang='lat' dir='ltr'><strong>praeerat</strong></span> <span class='ocrx_word' id='word_1_278' title='bbox 531 3666 550 3716; x_wconf 80' lang='lat' dir='ltr'><strong>ri</strong></span> <span class='ocrx_word' id='word_1_279' title='bbox 561 3672 588 3717; x_wconf 85' lang='lat' dir='ltr'><strong>et</strong></span> <span class='ocrx_word' id='word_1_280' title='bbox 600 3670 700 3717; x_wconf 74' lang='lat' dir='ltr'><strong>ouciaco</strong></span> <span class='ocrx_word' id='word_1_281' title='bbox 714 3666 740 3717; x_wconf 93' lang='lat' dir='ltr'><strong>in</strong></span> <span class='ocrx_word' id='word_1_282' title='bbox 755 3666 821 3715; x_wconf 89' lang='lat' dir='ltr'><strong>bce.</strong></span> <span class='ocrx_word' id='word_1_283' title='bbox 927 3660 943 3711; x_wconf 76' lang='grc'><strong>9</strong></span> <span class='ocrx_word' id='word_1_284' title='bbox 956 3654 1133 3710; x_wconf 81' lang='lat' dir='ltr'><strong>existumabat</strong></span> <span class='ocrx_word' id='word_1_285' title='bbox 1144 3652 1201 3703; x_wconf 85' lang='lat' dir='ltr'><strong>AB</strong></span> 
     </span>
     <span class='ocr_line' id='line_1_31' title="bbox 70 3734 1201 3809; baseline -0.009 -18"><span class='ocrx_word' id='word_1_286' title='bbox 70 3740 282 3807; x_wconf 70' lang='lat' dir='ltr'><strong>(uestinosc.</strong></span> <span class='ocrx_word' id='word_1_287' title='bbox 387 3744 474 3797; x_wconf 89' lang='lat' dir='ltr'><strong>Titum</strong></span> <span class='ocrx_word' id='word_1_288' title='bbox 489 3746 546 3809; x_wconf 86' lang='lat' dir='ltr'><strong>(B),</strong></span> <span class='ocrx_word' id='word_1_289' title='bbox 560 3742 592 3796; x_wconf 85' lang='lat' dir='ltr'><strong>T.</strong></span> <span class='ocrx_word' id='word_1_290' title='bbox 607 3760 635 3795; x_wconf 90' lang='lat' dir='ltr'><strong>u.</strong></span> <span class='ocrx_word' id='word_1_291' title='bbox 742 3744 773 3795; x_wconf 91' lang='lat'><strong>10</strong></span> <span class='ocrx_word' id='word_1_292' title='bbox 787 3748 865 3791; x_wconf 88' lang='lat' dir='ltr'><strong>uocat</strong></span> <span class='ocrx_word' id='word_1_293' title='bbox 878 3740 903 3789; x_wconf 82' lang='lat' dir='ltr'><strong>b.</strong></span> <span class='ocrx_word' id='word_1_294' title='bbox 1013 3734 1201 3797; x_wconf 70' lang='lat' dir='ltr'><strong>legionemau-</strong></span> 
     </span>
     <span class='ocr_line' id='line_1_32' title="bbox 69 3807 1202 3889; baseline -0.011 -20"><span class='ocrx_word' id='word_1_295' title='bbox 69 3824 124 3869; x_wconf 86' lang='lat' dir='ltr'><strong>tsaa</strong></span> <span class='ocrx_word' id='word_1_296' title='bbox 136 3814 163 3871; x_wconf 86' lang='lat' dir='ltr'><em>B</em></span> <span class='ocrx_word' id='word_1_297' title='bbox 174 3824 204 3871; x_wconf 77' lang='lat' dir='ltr'><strong>at</strong></span> <span class='ocrx_word' id='word_1_298' title='bbox 213 3820 326 3887; x_wconf 80' lang='lat' dir='ltr'><strong>rolr&#39;qrri,</strong></span> <span class='ocrx_word' id='word_1_299' title='bbox 340 3821 521 3889; x_wconf 75' lang='lat' dir='ltr'><strong>legionemque</strong></span> <span class='ocrx_word' id='word_1_300' title='bbox 536 3821 627 3871; x_wconf 84' lang='lat' dir='ltr'><strong>beda.</strong></span> <span class='ocrx_word' id='word_1_301' title='bbox 733 3836 768 3871; x_wconf 79' lang='lat' dir='ltr'><strong>xv</strong></span> <span class='ocrx_word' id='word_1_302' title='bbox 783 3834 847 3885; x_wconf 72' lang='lat' dir='ltr'><strong>ego,·</strong></span> <span class='ocrx_word' id='word_1_303' title='bbox 861 3832 898 3868; x_wconf 82' lang='lat' dir='ltr'><strong>su</strong></span> <span class='ocrx_word' id='word_1_304' title='bbox 912 3813 1005 3876; x_wconf 73' lang='lat' dir='ltr'><strong>codd,</strong></span> <span class='ocrx_word' id='word_1_305' title='bbox 1019 3811 1068 3862; x_wconf 84' lang='lat' dir='ltr'><strong>scd</strong></span> <span class='ocrx_word' id='word_1_306' title='bbox 1079 3807 1202 3860; x_wconf 89' lang='lat' dir='ltr'><strong>duodeci·</strong></span> 
     </span>
     <span class='ocr_line' id='line_1_33' title="bbox 69 3886 1200 3961; baseline -0.006 -14"><span class='ocrx_word' id='word_1_307' title='bbox 69 3908 139 3947; x_wconf 76' lang='lat' dir='ltr'><strong>nasa</strong></span> <span class='ocrx_word' id='word_1_308' title='bbox 151 3892 209 3961; x_wconf 83' lang='lat' dir='ltr'><strong>(B).</strong></span> <span class='ocrx_word' id='word_1_309' title='bbox 221 3894 255 3947; x_wconf 79' lang='grc' dir='ltr'><strong>Ρ.</strong></span> <span class='ocrx_word' id='word_1_310' title='bbox 271 3896 330 3950; x_wconf 83' lang='lat' dir='ltr'><strong>lli·</strong></span> <span class='ocrx_word' id='word_1_311' title='bbox 437 3897 525 3949; x_wconf 81' lang='lat' dir='ltr'><strong>inerat</strong></span> <span class='ocrx_word' id='word_1_312' title='bbox 537 3898 652 3949; x_wconf 82' lang='lat' dir='ltr'><strong>bibernis</strong></span> <span class='ocrx_word' id='word_1_313' title='bbox 664 3900 699 3951; x_wconf 87' lang='lat' dir='ltr'><strong>A.</strong></span> <span class='ocrx_word' id='word_1_314' title='bbox 811 3898 844 3951; x_wconf 80' lang='lat'><strong>12</strong></span> <span class='ocrx_word' id='word_1_315' title='bbox 857 3893 1013 3945; x_wconf 88' lang='lat' dir='ltr'><strong>decursione</strong></span> <span class='ocrx_word' id='word_1_316' title='bbox 1026 3889 1051 3940; x_wconf 89' lang='lat' dir='ltr'><strong>A</strong></span> <span class='ocrx_word' id='word_1_317' title='bbox 1059 3886 1138 3954; x_wconf 73' lang='lat' dir='ltr'><strong>(mc</strong></span> <span class='ocrx_word' id='word_1_318' title='bbox 1146 3901 1160 3934; x_wconf 76' lang='lat' dir='ltr'><strong>a</strong></span> <span class='ocrx_word' id='word_1_319' title='bbox 1173 3889 1200 3934; x_wconf 76' lang='lat' dir='ltr'><strong>ol</strong></span> 
     </span>
     <span class='ocr_line' id='line_1_34' title="bbox 70 3964 1201 4039; baseline 0.001 -18"><span class='ocrx_word' id='word_1_320' title='bbox 70 3970 216 4023; x_wconf 73' lang='lat' dir='ltr'><strong>‘nultieae</strong></span> <span class='ocrx_word' id='word_1_321' title='bbox 227 3972 612 4038; x_wconf 80' lang='lat' dir='ltr'><strong>meir’,deincnrsionebcd.</strong></span> <span class='ocrx_word' id='word_1_322' title='bbox 718 3974 750 4025; x_wconf 81' lang='grc'><strong>13</strong></span> <span class='ocrx_word' id='word_1_323' title='bbox 764 3971 961 4039; x_wconf 88' lang='lat' dir='ltr'><strong>superioriAb.</strong></span> <span class='ocrx_word' id='word_1_324' title='bbox 1065 3964 1201 4017; x_wconf 62' lang='lat' dir='ltr'><strong>totidem</strong></span> 
     </span>
     <span class='ocr_line' id='line_1_35' title="bbox 69 4042 1198 4121; baseline 0.001 -18"><span class='ocrx_word' id='word_1_325' title='bbox 69 4050 95 4103; x_wconf 86' lang='lat' dir='ltr'><em>B</em></span> <span class='ocrx_word' id='word_1_326' title='bbox 108 4050 186 4103; x_wconf 68' lang='lat' dir='ltr'><strong>boras.</strong></span> <span class='ocrx_word' id='word_1_327' title='bbox 195 4053 343 4121; x_wconf 82' lang='lat' dir='ltr'><strong>plerique&#39;,</strong></span> <span class='ocrx_word' id='word_1_328' title='bbox 357 4054 491 4107; x_wconf 86' lang='lat' dir='ltr'><strong>accideret</strong></span> <span class='ocrx_word' id='word_1_329' title='bbox 503 4055 547 4117; x_wconf 83' lang='lat' dir='ltr'><strong>D,-</strong></span> <span class='ocrx_word' id='word_1_330' title='bbox 561 4054 704 4105; x_wconf 85' lang='lat' dir='ltr'><strong>accidisset</strong></span> <span class='ocrx_word' id='word_1_331' title='bbox 717 4053 804 4104; x_wconf 83' lang='lat' dir='ltr'><strong>Aldus</strong></span> <span class='ocrx_word' id='word_1_332' title='bbox 816 4068 845 4103; x_wconf 90' lang='lat' dir='ltr'><strong>u.</strong></span> <span class='ocrx_word' id='word_1_333' title='bbox 1014 4044 1068 4114; x_wconf 80' lang='lat' dir='ltr'><strong>qul]</strong></span> <span class='ocrx_word' id='word_1_334' title='bbox 1082 4044 1150 4111; x_wconf 91' lang='lat' dir='ltr'><strong>quod</strong></span> <span class='ocrx_word' id='word_1_335' title='bbox 1162 4042 1198 4092; x_wconf 83' lang='lat' dir='ltr'><strong>I).</strong></span> 
     </span>
     <span class='ocr_line' id='line_1_36' title="bbox 183 4116 1201 4198; baseline -0.015 -16"><span class='ocrx_word' id='word_1_336' title='bbox 183 4127 212 4183; x_wconf 90' lang='lat' dir='ltr'><strong>tt</strong></span> <span class='ocrx_word' id='word_1_337' title='bbox 225 4131 367 4183; x_wconf 87' lang='lat' dir='ltr'><strong>latroaieio</strong></span> <span class='ocrx_word' id='word_1_338' title='bbox 381 4132 413 4182; x_wconf 93' lang='grc' dir='ltr'><strong>Β.</strong></span> <span class='ocrx_word' id='word_1_339' title='bbox 520 4133 617 4198; x_wconf 86' lang='lat' dir='ltr'><strong>irnpetn</strong></span> <span class='ocrx_word' id='word_1_340' title='bbox 630 4130 734 4181; x_wconf 88' lang='lat' dir='ltr'><strong>illorum</strong></span> <span class='ocrx_word' id='word_1_341' title='bbox 743 4130 930 4189; x_wconf 80' lang='lat' dir='ltr'><strong>Voacosorras;</strong></span> <span class='ocrx_word' id='word_1_342' title='bbox 943 4126 1041 4192; x_wconf 87' lang='lat' dir='ltr'><strong>impetu</strong></span> <span class='ocrx_word' id='word_1_343' title='bbox 1054 4120 1156 4174; x_wconf 89' lang='lat' dir='ltr'><strong>ineolac</strong></span> <span class='ocrx_word' id='word_1_344' title='bbox 1169 4116 1201 4169; x_wconf 94' lang='lat' dir='ltr'><strong>il-</strong></span> 
     </span>
     <span class='ocr_line' id='line_1_37' title="bbox 69 4198 1199 4276; baseline -0.01 -17"><span class='ocrx_word' id='word_1_345' title='bbox 69 4206 153 4261; x_wconf 77' lang='lat' dir='ltr'><strong>mmm</strong></span> <span class='ocrx_word' id='word_1_346' title='bbox 166 4208 193 4259; x_wconf 83' lang='grc' dir='ltr'><em>Β</em></span> <span class='ocrx_word' id='word_1_347' title='bbox 204 4214 232 4261; x_wconf 85' lang='lat' dir='ltr'><strong>et</strong></span> <span class='ocrx_word' id='word_1_348' title='bbox 242 4214 285 4261; x_wconf 81' lang='lat' dir='ltr'><strong>sic</strong></span> <span class='ocrx_word' id='word_1_349' title='bbox 299 4211 308 4238; x_wconf 85' lang='lat'>‘</span> <span class='ocrx_word' id='word_1_350' title='bbox 316 4210 361 4261; x_wconf 88' lang='lat' dir='ltr'><strong>uel</strong></span> <span class='ocrx_word' id='word_1_351' title='bbox 377 4213 402 4261; x_wconf 93' lang='lat' dir='ltr'><strong>in</strong></span> <span class='ocrx_word' id='word_1_352' title='bbox 416 4212 484 4263; x_wconf 85' lang='lat' dir='ltr'><strong>colle</strong></span> <span class='ocrx_word' id='word_1_353' title='bbox 498 4212 544 4261; x_wconf 86' lang='lat' dir='ltr'><strong>uel</strong></span> <span class='ocrx_word' id='word_1_354' title='bbox 555 4210 641 4261; x_wconf 90' lang='lat' dir='ltr'><strong>incola</strong></span> <span class='ocrx_word' id='word_1_355' title='bbox 655 4208 766 4273; x_wconf 80' lang='lat' dir='ltr'><strong>cateri&#39;,</strong></span> <span class='ocrx_word' id='word_1_356' title='bbox 787 4210 884 4276; x_wconf 89' lang='lat' dir='ltr'><strong>impetu</strong></span> <span class='ocrx_word' id='word_1_357' title='bbox 897 4222 984 4275; x_wconf 79' lang='lat' dir='ltr'><strong>eoruqr</strong></span> <span class='ocrx_word' id='word_1_358' title='bbox 999 4202 1088 4256; x_wconf 83' lang='lat' dir='ltr'><strong>bede.</strong></span> <span class='ocrx_word' id='word_1_359' title='bbox 1103 4198 1199 4252; x_wconf 68' lang='lat' dir='ltr'><strong>Atti.</strong></span> 
     </span>
     <span class='ocr_line' id='line_1_38' title="bbox 181 4284 1201 4357; baseline -0.017 -17"><span class='ocrx_word' id='word_1_360' title='bbox 181 4288 213 4340; x_wconf 75' lang='grc'><strong>15</strong></span> <span class='ocrx_word' id='word_1_361' title='bbox 226 4288 487 4357; x_wconf 86' lang='lat' dir='ltr'><strong>depopulandosque]</strong></span> <span class='ocrx_word' id='word_1_362' title='bbox 509 4288 741 4356; x_wconf 76' lang='lat' dir='ltr'><strong>oppugnandosquc</strong></span> <span class='ocrx_word' id='word_1_363' title='bbox 756 4288 807 4349; x_wconf 88' lang='lat' dir='ltr'><strong>be,</strong></span> <span class='ocrx_word' id='word_1_364' title='bbox 822 4284 1058 4353; x_wconf 69' lang='lat' dir='ltr'><strong>oppugnandosqne</strong></span> <span class='ocrx_word' id='word_1_365' title='bbox 1072 4290 1201 4341; x_wconf 85' lang='lat' dir='ltr'><strong>occupan-</strong></span> 
     </span>
     <span class='ocr_line' id='line_1_39' title="bbox 70 4352 1199 4433; baseline -0.005 -18"><span class='ocrx_word' id='word_1_366' title='bbox 70 4362 153 4419; x_wconf 83' lang='lat' dir='ltr'><strong>dosrl.</strong></span> <span class='ocrx_word' id='word_1_367' title='bbox 246 4366 478 4433; x_wconf 86' lang='lat' dir='ltr'><strong>lbprocterritum</strong></span> <span class='ocrx_word' id='word_1_368' title='bbox 491 4370 525 4419; x_wconf 92' lang='lat' dir='ltr'><strong>A.</strong></span> <span class='ocrx_word' id='word_1_369' title='bbox 614 4352 1199 4424; x_wconf 79' lang='lat' dir='ltr'><strong>ac‘maa.torrtsmnnnomnes&#39;‚atquo(ll)·</strong></span> 
     </span>
     <span class='ocr_line' id='line_1_40' title="bbox 181 4432 1202 4511; baseline -0.008 -16"><span class='ocrx_word' id='word_1_370' title='bbox 181 4444 214 4495; x_wconf 81' lang='lat' dir='ltr'><strong>li</strong></span> <span class='ocrx_word' id='word_1_371' title='bbox 226 4444 358 4499; x_wconf 87' lang='lat' dir='ltr'><strong>educebat</strong></span> <span class='ocrx_word' id='word_1_372' title='bbox 370 4448 405 4498; x_wconf 92' lang='lat' dir='ltr'><strong>A.</strong></span> <span class='ocrx_word' id='word_1_373' title='bbox 513 4446 544 4497; x_wconf 77' lang='lat' dir='ltr'><strong>ld</strong></span> <span class='ocrx_word' id='word_1_374' title='bbox 559 4444 675 4511; x_wconf 86' lang='lat' dir='ltr'><strong>reliquos</strong></span> <span class='ocrx_word' id='word_1_375' title='bbox 690 4443 797 4495; x_wconf 83' lang='lat' dir='ltr'><strong>iecisset</strong></span> <span class='ocrx_word' id='word_1_376' title='bbox 808 4444 832 4494; x_wconf 89' lang='grc' dir='ltr'><em>Β</em></span> <span class='ocrx_word' id='word_1_377' title='bbox 844 4441 906 4493; x_wconf 83' lang='lat' dir='ltr'><strong>edd.</strong></span> <span class='ocrx_word' id='word_1_378' title='bbox 919 4444 984 4493; x_wconf 82' lang='lat' dir='ltr'><strong>ants</strong></span> <span class='ocrx_word' id='word_1_379' title='bbox 996 4436 1061 4489; x_wconf 84' lang='lat' dir='ltr'><strong>Aid.</strong></span> <span class='ocrx_word' id='word_1_380' title='bbox 1069 4473 1078 4499; x_wconf 91' lang='lat'><strong>,</strong></span> <span class='ocrx_word' id='word_1_381' title='bbox 1094 4432 1202 4483; x_wconf 65' lang='lat' dir='ltr'><strong>decimi</strong></span> 
     </span>
     <span class='ocr_line' id='line_1_41' title="bbox 70 4516 1092 4589; baseline -0.01 -18"><span class='ocrx_word' id='word_1_382' title='bbox 70 4518 190 4589; x_wconf 86' lang='lat' dir='ltr'><strong>reliquos</strong></span> <span class='ocrx_word' id='word_1_383' title='bbox 204 4522 293 4579; x_wconf 80' lang='lat' dir='ltr'><strong>Aldus</strong></span> <span class='ocrx_word' id='word_1_384' title='bbox 305 4538 333 4574; x_wconf 88' lang='lat' dir='ltr'><strong>u.</strong></span> <span class='ocrx_word' id='word_1_385' title='bbox 444 4522 627 4575; x_wconf 69' lang='lat' dir='ltr'><strong>ibbabcatb.</strong></span> <span class='ocrx_word' id='word_1_386' title='bbox 751 4516 1092 4571; x_wconf 71' lang='lat' dir='ltr'><strong>omnisanunotlsom.</strong></span> 
     </span>
     <span class='ocr_line' id='line_1_42' title="bbox 70 4592 1092 4669; baseline -0.011 -22"><span class='ocrx_word' id='word_1_387' title='bbox 70 4604 163 4662; x_wconf 86' lang='lat' dir='ltr'><strong>partes</strong></span> <span class='ocrx_word' id='word_1_388' title='bbox 176 4598 266 4651; x_wconf 84' lang='lat' dir='ltr'><strong>dolum</strong></span> <span class='ocrx_word' id='word_1_389' title='bbox 279 4600 305 4652; x_wconf 91' lang='lat' dir='ltr'><strong>A</strong></span> <span class='ocrx_word' id='word_1_390' title='bbox 313 4601 412 4665; x_wconf 67' lang='lat' dir='ltr'><strong>beda,</strong></span> <span class='ocrx_word' id='word_1_391' title='bbox 431 4608 523 4669; x_wconf 85' lang='lat' dir='ltr'><strong>portes</strong></span> <span class='ocrx_word' id='word_1_392' title='bbox 535 4598 599 4650; x_wconf 87' lang='lat' dir='ltr'><strong>linea</strong></span> <span class='ocrx_word' id='word_1_393' title='bbox 612 4598 665 4651; x_wconf 79' lang='lat' dir='ltr'><strong>BC</strong></span> <span class='ocrx_word' id='word_1_394' title='bbox 673 4599 698 4650; x_wconf 85' lang='grc' dir='ltr'><em>Β</em></span> <span class='ocrx_word' id='word_1_395' title='bbox 710 4600 748 4663; x_wconf 81' lang='grc' dir='ltr'><strong>(ιέ</strong></span> <span class='ocrx_word' id='word_1_396' title='bbox 759 4598 848 4661; x_wconf 84' lang='lat' dir='ltr'><strong>buis),</strong></span> <span class='ocrx_word' id='word_1_397' title='bbox 863 4594 929 4645; x_wconf 82' lang='lat' dir='ltr'><strong>dnos</strong></span> <span class='ocrx_word' id='word_1_398' title='bbox 942 4592 1052 4659; x_wconf 87' lang='lat' dir='ltr'><strong>partium</strong></span> <span class='ocrx_word' id='word_1_399' title='bbox 1066 4602 1092 4637; x_wconf 87' lang='lat' dir='ltr'><strong>u.</strong></span> 
     </span>
     <span class='ocr_line' id='line_1_43' title="bbox 71 4672 636 4745; baseline 0 -16"><span class='ocrx_word' id='word_1_400' title='bbox 71 4672 103 4729; x_wconf 85' lang='lat' dir='ltr'><strong>2l</strong></span> <span class='ocrx_word' id='word_1_401' title='bbox 119 4674 281 4729; x_wconf 80' lang='lat' dir='ltr'><strong>dimississet</strong></span> <span class='ocrx_word' id='word_1_402' title='bbox 291 4678 326 4731; x_wconf 87' lang='grc' dir='ltr'><strong>Β.</strong></span> <span class='ocrx_word' id='word_1_403' title='bbox 431 4685 510 4745; x_wconf 85' lang='lat' dir='ltr'><strong>atquc</strong></span> <span class='ocrx_word' id='word_1_404' title='bbox 524 4694 577 4729; x_wconf 86' lang='lat' dir='ltr'><strong>om.</strong></span> <span class='ocrx_word' id='word_1_405' title='bbox 592 4678 636 4729; x_wconf 85' lang='lat' dir='ltr'><strong>be.</strong></span> 
     </span>
    </p>
   </div>
   <div class='ocr_carea' id='block_1_5' title="bbox 0 0 1328 5124">
    <p class='ocr_par' dir='ltr' id='par_1_5' title="bbox 0 0 1328 5124">
     <span class='ocr_line' id='line_1_44' title="bbox 0 0 1328 5124; baseline 0 0"><span class='ocrx_word' id='word_1_406' title='bbox 0 0 1328 5124; x_wconf 95' lang='lat' dir='ltr'><strong> </strong></span> 
     </span>
    </p>
   </div>
  </div>
 </body>
</html>
