2646 5124
515 577 800 643 -5-

79 747 120 811 de
133 745 270 829 uiridem,
288 744 429 830 iuquam,
447 745 636 833 probandos:
654 751 726 815 nudi
741 752 821 816 euim
837 767 926 833 suut,
945 759 1021 821 recti
1037 769 1069 823 et
1084 764 1222 843 assueti,

80 851 165 913 omni
189 860 299 913 ornatu
321 849 471 913 orationis
493 861 642 933 tanquam
656 866 744 917 ueste
760 856 908 919 detracta.
947 854 1010 922 Sed
1032 861 1101 925 dum
1124 865 1224 929 uoluit

78 952 158 1015 alios
172 951 285 1016 habere
301 962 421 1035 parata,
437 953 516 1017 unde
531 967 687 1019 sumerent
701 957 751 1038 qui
768 957 881 1021 uellent
896 959 1031 1024 scribere
1048 963 1219 1046 historiam,

79 1055 192 1138 ineptis
207 1065 327 1136 gratum
343 1055 473 1119 fortasse
488 1056 580 1134 lecit,
606 1058 655 1140 qui
677 1058 780 1122 uolent
800 1059 851 1123 illa
876 1060 1056 1127 calamistris
1080 1065 1217 1145 inurere,

78 1178 173 1220 unos
195 1157 314 1239 quidem
331 1157 468 1222 homines
487 1159 679 1223 ascribendo
701 1161 870 1224 deterruit'.
900 1159 988 1244 Quod
1004 1164 1146 1228 iudicium
1163 1162 1218 1233 Ci-

78 1280 222 1322 seronem
246 1261 397 1324 iacurrum
419 1259 534 1338 fuisse,
563 1260 589 1324 si
616 1264 675 1325 iam
699 1272 760 1325 tum
784 1262 853 1326 libri
876 1264 1014 1328 debello
1037 1267 1119 1330 ciuili
1142 1269 1216 1334 editi

78 1362 226 1439 luissent,
252 1361 430 1426 incredibile
452 1373 510 1426 est.
551 1360 588 1426 lu
603 1362 659 1426 hoo
681 1364 762 1427 enim
777 1365 856 1429 bello
873 1367 1019 1430 tradendo
1036 1380 1151 1432 certum
1168 1382 1217 1435 est

77 1463 139 1527 alia
153 1464 256 1529 omnia
271 1465 437 1546 requisisse
452 1459 650 1542 Ciceronem,
669 1488 757 1548 quam
776 1477 808 1529 ut
823 1464 968 1531 Caesaris
983 1471 1118 1531 narratio
1135 1472 1216 1535 cala·

76 1567 192 1629 mistris
207 1567 395 1630 inureretur.
426 1562 504 1631 Cum
526 1579 626 1632 autem
648 1569 786 1650 dialogus
802 1569 855 1633 ille
869 1590 950 1632 auno
966 1567 1027 1648 46,
1052 1592 1120 1632 cum
1136 1567 1215 1636 Cae·

76 1689 129 1731 sar
142 1670 174 1732 in
190 1669 299 1733 Africa
313 1668 422 1733 bellum
437 1681 578 1754 gereret,
602 1672 735 1755 scriptus
750 1672 792 1734 sit
806 1669 963 1749 (Ellendt.
981 1692 1011 1755 p.
1030 1670 1106 1737 328.
1132 1671 1215 1739 Dru·

75 1793 179 1835 mauu.
198 1770 244 1837 vl
260 1793 290 1856 p.
307 1771 414 1854 29⁰),
438 1774 645 1838 commentarii
669 1774 705 1837 de
729 1774 807 1838 hello
824 1775 905 1838 ciuili
922 1796 981 1853 non
997 1787 1125 1859 possunt
1139 1786 1213 1842 aute

72 1874 203 1936 reditum
224 1895 265 1937 ex
281 1875 387 1938 Africa
403 1871 548 1940 Caesaris
570 1877 641 1940 editi
665 1877 780 1940 uideri:
806 1878 959 1959 mirorque
974 1873 1208 1953 Schneidewin,

73 1998 140 2039 cum
155 1972 319 2042 Ciceronis
333 1978 475 2042 indicium
490 1980 529 2043 ad
543 1980 638 2044 libros
649 1981 685 2043 de
700 1979 779 2042 bello
793 1976 911 2043 Gallico
925 1990 1041 2043 tautum
1057 1981 1212 2063 pertinere

72 2079 216 2152 uidisset,
232 2091 334 2145 manen
350 2083 586 2147 commentarios
602 2083 638 2147 de
654 2083 732 2146 bello
748 2081 830 2145 ciuili
845 2104 863 2145 a
879 2079 1027 2160 Caesare,
1045 2093 1209 2166 antequam

73 2193 184 2245 contra
205 2180 388 2248 Pharnacen
418 2185 680 2268 proficisceretur,
711 2185 893 2268 compositos
922 2185 1078 2249 staurisse.
1124 2182 1207 2247 Mihi

74 2304 168 2359 uero,
191 2306 255 2348 oum
270 2285 301 2350 hi
324 2307 447 2369 quoque
467 2287 536 2350 libri
556 2287 721 2371 imperfecti
738 2288 801 2350 sint
816 2291 830 2367 (
839 2308 908 2350 nam
931 2282 1095 2351 Caesarem
1119 2286 1208 2370 plura

74 2387 213 2451 seribere
227 2385 360 2452 uoluisse
374 2388 444 2453 iude
460 2401 595 2474 apparet,
613 2392 690 2473 quod
706 2390 777 2455 belli
792 2388 996 2453 Alexandrini
1010 2388 1097 2452 initia
1112 2386 1208 2451 tradi·

73 2491 158 2571 dit),
182 2489 432 2555 seriei-illituum
455 2491 575 2555 uidetur
599 2512 653 2556 eos
672 2493 801 2557 deuictis
816 2493 933 2555 demum
949 2488 1086 2574 Pompeii
1101 2489 1207 2553 liberis

72 2593 232 2657 inchoatos
249 2594 371 2657 omnino
387 2614 449 2657 uon
463 2594 579 2678 abipso
595 2590 743 2671 Caesare,
760 2595 826 2673 sed,
844 2616 911 2659 oum
927 2603 1024 2657 morte
1042 2600 1207 2674 occupatus

71 2706 173 2773 esset,
198 2707 269 2779 post
282 2697 405 2760 caedem
421 2695 536 2759 demum
552 2696 619 2761 eius
635 2698 773 2781 uulgatos
788 2716 870 2760 esse.

157 2793 237 2862 Cum
253 2799 348 2882 igitur
358 2799 542 2881 aliquantum
558 2810 628 2882 post
642 2810 745 2885 gestas
757 2820 809 2863 res
822 2793 939 2863 Caesar
948 2797 1109 2883 scripsisse
1121 2817 1204 2859 eom·

72 2902 236 2965 meutarios
253 2903 429 2982 uideretur,
454 2903 509 2967 hac
523 2924 558 2967 re
573 2923 646 2967 usus
662 2912 710 2965 est
725 2898 928 2966 Schneiderus
944 2903 981 2965 ad
998 2900 1204 2984 quaestionem

73 3024 160 3088 saepe
173 3006 321 3069 iactatam
343 3016 375 3068 et
396 3016 498 3069 tamen
514 3005 700 3089 neglectam,
726 3005 763 3067 de
786 3004 1025 3087 ephemeridibus
1044 2999 1202 3081 Caesaris,

72 3108 261 3173 relereudam
292 3118 384 3190 atque
413 3107 658 3172 confirmandam.
705 3103 855 3170 Nimirum
888 3103 1052 3171 Caesarem
1082 3116 1204 3189 praeter

75 3212 326 3287 commentarios,
351 3230 426 3292 quos
450 3211 613 3288 hahemus,
638 3208 747 3273 librum
772 3211 917 3291 quendam
933 3209 1141 3293 ephemerides
1156 3208 1203 3270 iu·

73 3311 214 3394 scriptum
235 3312 399 3395 reliquisse
414 3308 515 3376 Seruii
537 3311 714 3375 testimonio
737 3310 912 3391 quibusdam
935 3309 1136 3375 demonstrari
1159 3308 1204 3371 ui·

72 3435 133 3477 snm
150 3425 214 3479 est:
240 3413 292 3477 cui
307 3413 532 3493 adiunxerant,
555 3412 635 3496 quod
650 3409 836 3476 Plutarchus
851 3412 907 3475 uit.
925 3406 1018 3473 Caes.
1037 3432 1065 3473 c.
1088 3407 1133 3474 22
1153 3428 1203 3473 res

72 3529 177 3582 souma
191 3515 384 3581 Tenctheros
400 3525 432 3580 et
446 3514 588 3601 Vsipetes
602 3526 705 3602 gestas
720 3519 759 3582 dr
776 3527 852 3589 ταῖς
874 3509 1050 3601 ἐφημερίσι
1065 3513 1201 3577 easdem-

71 3641 123 3704 pue
135 3620 300 3705 Appianus
316 3619 377 3682 uol.
391 3615 409 3681 1
423 3640 454 3703 p.
470 3615 515 3683 90
531 3638 581 3701 ap.
601 3614 777 3701 Schweigh.
795 3622 834 3685 ἐν
848 3630 924 3691 ectr
938 3616 1040 3691 tutan
1051 3609 1201 3702 droppe-

69 3739 147 3805 eutr
167 3727 240 3792 sair
261 3720 440 3809 ἐφημέρων
460 3725 568 3808 ἔργων
589 3721 701 3786 relams
725 3722 882 3797 dicerent,
905 3720 977 3783 item
1000 3715 1200 3804 Symmachus

69 3828 157 3911 epist.
169 3824 231 3903 lv,
251 3822 292 3888 18
306 3822 497 3907 ephemeride
508 3820 653 3888 Caesaris
668 3824 815 3907 origines,
832 3823 922 3900 situs,
939 3841 1055 3906 pugnas
1071 3828 1103 3881 ct
1116 3817 1201 3899 quid·

70 3931 135 4013 quid
151 3930 265 3994 luisset
279 3928 311 3991 iu
325 3925 458 3990 moribus
473 3937 525 3990 aut
538 3925 656 4010 legibus
672 3924 839 3990 Galliarum
854 3925 934 3989 uati
948 3924 1109 3988 scriberet.
1137 3918 1201 3982 sui

69 4053 132 4096 cum
147 4029 366 4104 Plutarchum,
381 4027 572 4115 Appianum,
590 4025 801 4114 Symmachum
817 4029 899 4112 ipsos
915 4021 1148 4090 commentarios
1164 4021 1201 4117 de

69 4133 145 4200 hello
169 4131 291 4199 Gallico
313 4133 501 4216 significasse
522 4131 759 4209 contenderent,
788 4126 899 4194 Seruio
924 4130 1011 4193 fidem
1034 4123 1200 4189 hahendam

69 4258 133 4303 mse
147 4246 356 4321 negauerunt.
379 4233 481 4318 Atque
495 4235 568 4298 illud
584 4236 758 4318 quominus
775 4243 858 4296 recte
873 4232 1033 4295 iudicatum
1049 4235 1145 4306 esset,
1162 4243 1202 4289 ne

70 4336 275 4405 Sebumderus
291 4339 409 4422 quidem
424 4337 615 4422 repugnauit,
635 4338 671 4401 de
686 4334 809 4413 Seruio,
826 4335 966 4418 quoniam
983 4333 1049 4396 eius
1064 4329 1201 4393 testimo·

69 4442 145 4508 mum
160 4444 222 4509 lide
237 4442 362 4526 dignum
377 4462 449 4507 esse
462 4439 665 4517 asseuerauit,
681 4440 847 4504 uideamus.
879 4434 911 4501 ls
925 4437 964 4501 ad
977 4430 1107 4517 Vergilii
1118 4429 1200 4542 Aen.

70 4539 124 4625 Xl,
145 4544 214 4611 7⁴3
239 4546 317 4611 haee
340 4544 517 4609 auuomuit:
551 4538 604 4607 ‘C.
628 4540 724 4607 lulius
746 4537 864 4606 Cacsar
892 4560 960 4602 cum
991 4535 1202 4642 dimicaretur

71 4644 164 4717 Gallia
178 4660 215 4717 et
228 4648 269 4715 ab
283 4647 374 4715 hoste
393 4658 498 4734 raptus
514 4666 592 4731 equo
607 4645 674 4712 eius
696 4653 871 4730 portaretur
891 4650 1044 4715 armatus,
1068 4638 1206 4697 occurrit
