2646 5124
1239 552 1255 719 i

1238 728 1255 781 a}

91 760 209 824 modum
226 768 289 821 tuto
305 756 397 843 legati
413 755 517 820 uenire
532 767 575 833 et,
592 775 670 839 quen
683 754 808 831 uellent,
824 772 979 839 exponere
999 764 1136 839 monent,
1148 774 1199 819 enr-

92 872 214 945 tumque
229 861 257 924 ei
272 859 315 924 rei
332 869 448 943 tempus
463 857 679 922 constituitur’.
703 854 762 922 llic
776 866 859 921 reete
873 855 904 921 in
920 853 1202 923 eodioeNnruieru‘

91 964 235 1047 scriptum
256 973 301 1027 est
326 962 464 1026 ‘locutos
480 960 554 1025 est'.
594 957 760 1045 Sequentia
781 969 881 1025 auteur
902 958 941 1024 ab
956 958 1004 1025 bie
1020 958 1205 1045 nerbierepn·

92 1066 185 1129 reuda
200 1075 281 1130 sunt.
305 1063 387 1129 Nam
403 1084 499 1147 neque
514 1063 638 1127 uerbum
653 1062 872 1128 snbstantiunm
887 1061 985 1127 intuli
997 1063 1206 1129 ontionenui·
1246 1110 1250 1121 .

92 1169 133 1232 sit
149 1165 276 1242 Caesar,
295 1186 390 1249 neque
413 1175 473 1230 tam
490 1165 618 1250 turpiter
631 1165 662 1227 in
678 1164 764 1229 breui
778 1165 915 1229 oratione
929 1164 1092 1233 institutae
1106 1168 1208 1233 lente
1246 1126 1255 1269 ξ

92 1270 272 1347 oblitusest,
290 1268 367 1353 quod
384 1269 525 1353 scriptori
539 1266 758 1332 belliAirieani
771 1265 920 1331 accidisse
934 1266 1081 1333 uidimus.
1104 1266 1210 1333 liciole
1250 1272 1255 1349 ᾖ

93 1372 185 1437 uerba
201 1380 309 1454 ‘atque
321 1392 381 1436 una
396 1368 503 1435 etinm'
519 1380 591 1435 cett.
609 1378 749 1453 corrupta
764 1389 832 1433 esse
853 1380 991 1453 apertum
1007 1380 1070 1435 ert.
1097 1366 1135 1437 lu
1146 1366 1209 1437 l’r'r.

91 1496 154 1541 sec.
165 1473 266 1539 Hann.
282 1495 327 1557 pr.
344 1471 433 1539 Leid.
450 1495 495 1558 pr.
504 1468 845 1557 aliisqueOudeudcrpii
860 1472 933 1536 brec
947 1471 991 1535 ita
1005 1472 1126 1559 scripta
1137 1482 1209 1539 unu
1253 1460 1255 1479 ⁵

94 1586 202 1661 ‘atque
225 1598 282 1640 una
305 1575 351 1639 uis
367 1575 551 1659 utrumque'.
583 1572 672 1641 Vnde
691 1576 849 1640 admodum
870 1574 947 1639 scite
967 1574 1008 1639 ab
1028 1572 1210 1661 Elberlirqin

93 1680 167 1744 haec
183 1679 289 1743 ellectu
305 1689 393 1741 sunt:
420 1686 526 1761 ‘atque
542 1698 602 1741 nna
618 1678 766 1756 nisurum,
784 1678 1029 1761 quemadmodum
1046 1688 1118 1745 tuto
1129 1676 1210 1763 leqss'

92 1782 197 1845 uenire
213 1790 255 1857 et,
272 1799 347 1861 qnae
363 1778 487 1857 uellent,
506 1800 659 1864 exponere
679 1780 823 1865 possent’.
854 1774 917 1845 Sed
933 1780 1018 1844 ‘nnn'
1033 1778 1069 1846 in
1084 1780 1141 1846 bre
1153 1782 1209 1845 ire·

92 1883 174 1946 tione
197 1882 269 1945 ferri
292 1902 352 1945 uon
369 1902 457 1965 posse
477 1883 541 1966 ipse
554 1880 761 1967 Elberlingins
782 1882 946 1947 intellexit.
975 1878 1118 1967 lleliquie
1131 1882 1210 1969 iptr

92 1986 231 2061 retentis,
250 2004 324 2068 qnae
332 1982 358 2047 is
366 1984 493 2063 inuenit,
513 1982 764 2068 ‘atqueund”boc
779 1995 828 2049 est
843 1984 1096 2067 ‘etqneeundern’
1111 2004 1210 2071 ponen-

93 2088 160 2152 dum
178 2086 292 2172 putaui.

97 2252 100 2257 .
179 2187 217 2255 C.
234 2188 277 2255 22
293 2201 375 2255 reete
390 2189 520 2257 Vossius
543 2191 735 2258 scribendum
751 2190 831 2255 dixit
856 2186 1000 2253 ‘interim
1023 2186 1103 2257 dlilo
1123 2188 1210 2256 dide·

92 2293 136 2359 sis
152 2294 263 2358 circum
279 2293 441 2379 municipia
456 2295 565 2359 litteris
581 2316 637 2373 ea,
655 2314 731 2378 qnae
744 2295 874 2369 luceret,
892 2292 975 2356 iussu
989 2300 1084 2375 atque
1099 2290 1210 2379 irnperio

95 2400 198 2463 lacere
208 2396 352 2482 Pompeii,
365 2418 439 2479 qnae
448 2399 585 2462 mandata
595 2398 631 2461 ad
640 2419 673 2461 se
683 2395 907 2479 perVibnllium
917 2394 1015 2457 delata
1024 2394 1138 2461 esseut'
1150 2406 1208 2460 cett.

94 2499 175 2565 Nam
192 2502 363 2579 etcodices,
382 2502 411 2564 in
425 2501 531 2585 quibus
543 2499 726 2564 ‘Bibullium'
737 2500 857 2583 legitur,
875 2494 1212 2582 illndmagisquam‘lli·

93 2605 204 2669 bulum*
221 2608 449 2682 commendant,
476 2615 506 2665 et
530 2601 562 2680 l,
587 2601 628 2665 34
644 2604 701 2680 in.,
725 2613 879 2686 postquam
901 2601 942 2663 ibi
959 2602 1081 2666 codices
1097 2603 1211 2687 optinet

93 2707 188 2770 secuti
206 2707 298 2769 uerba
317 2704 555 2790 ‘inHispnninm'
571 2704 757 2783 sustulimus,
770 2705 935 2768 Vibullium
944 2701 1213 2769 blassiliamadisse

93 2809 328 2885 demonstratur,
346 2812 376 2870 in
393 2830 451 2891 qna
468 2806 540 2870 nrbe
555 2804 631 2869 lllilo
648 2807 719 2870 exul
735 2808 872 2894 degebat.

180 2906 218 2970 C.
242 2907 285 2971 25
309 2904 425 2972 Caesar
449 2910 485 2973 do
508 2911 698 2975 cunctatione
720 2932 842 2975 suornm
858 2910 974 2987 scribit,
997 2910 1061 2993 qni,
1088 2907 1213 2993 qmndr

93 3011 188 3074 biems
212 3011 490 3095 praecipitauisset‚
519 3022 618 3076 tamen
645 3014 774 3075 nondum
799 3014 959 3077 seeundum
984 3023 1215 3077 commeaturus

94 3110 257 3176 Brundisio
277 3114 404 3178 traicere
425 3115 490 3178 nusi
512 3127 610 3178 erant.
641 3112 686 3177 lbi
710 3118 738 3198 ξ.
755 3114 776 3177 2
796 3116 869 3179 baec
892 3117 922 3178 in
946 3115 1032 3177 codd.
1061 3115 1213 3200 leguntnrr

96 3225 276 3301 ‘quantoque
293 3219 357 3282 eius
373 3218 497 3302 amplius
513 3230 702 3302 processerat
717 3219 876 3303 temporis,
902 3228 985 3281 tanto
1006 3229 1097 3283 erant
1117 3218 1214 3283 alacri·

94 3343 163 3385 cres
186 3322 222 3386 ad
246 3322 414 3401 custodias,
441 3323 489 3406 qni
513 3321 660 3385 classibus
682 3330 853 3404 praeerant,
872 3321 1074 3403 maioremque
1090 3321 1217 3385 fiduciam

95 3425 269 3507 probibendi
299 3428 466 3505 lrabebnnt3
499 3435 530 3489 et
544 3423 659 3487 crebris
688 3420 821 3508 Pompeii
851 3422 959 3486 litteris
986 3425 1218 3509 castigabantur,

97 3528 233 3607 quoniam
251 3528 344 3609 primo
362 3530 531 3591 uenientem
542 3522 704 3590 Caesarem
722 3547 781 3588 non
798 3525 1032 3608 prohibuissent,
1051 3528 1220 3611 utreliqune

98 3626 161 3689 eius
178 3629 331 3691 exercitus
347 3628 543 3711 impedirent:
570 3628 732 3709 duriusque
755 3627 863 3691 cotidie
886 3638 1002 3710 tempus
1017 3629 1054 3692 ad
1072 3640 1221 3715 transpor-

99 3728 218 3791 tandum
232 3728 395 3792 lenioribus
411 3730 512 3793 uentis
529 3730 750 3814 expectabant'.
775 3728 924 3793 Extrema
940 3730 1032 3793 uerba
1049 3731 1094 3794 ita
1110 3731 1223 3795 conion-

97 3840 177 3893 mata
199 3840 287 3908 sunt,
313 3841 346 3893 ut
369 3833 541 3896 necessario
564 3833 599 3894 ad
623 3835 791 3916 praefectos
820 3832 925 3895 classis
948 3829 1154 3916 Pompeianae
1179 3852 1224 3897 re·

97 3934 220 3997 serenda
244 3933 321 3995 sint:
347 3933 438 3997 uerba
460 3945 558 3998 antem
577 3936 631 3997 ‘ad
649 3935 910 4019 transportandum
928 3934 1097 3999 lenioribus
1113 3933 1223 4001 uentis'

98 4036 134 4098 dc
152 4030 345 4099 Caesarianis
362 4047 474 4100 tantum
492 4034 683 4100 aBrnndisio
700 4038 868 4101 tramittere
885 4038 1071 4120 cupientibus
1096 4038 1155 4103 dici
1176 4059 1226 4123 po·

99 4147 230 4202 inerunt.
263 4136 344 4202 Nam
361 4138 487 4203 Heldins
504 4138 681 4203 mirabiliter
696 4139 769 4203 lraec
785 4141 826 4204 ita
841 4141 1059 4225 interpretatus
1076 4152 1145 4221 est,
1171 4161 1227 4224 quo

98 4241 229 4304 leniores
246 4243 329 4305 nenti
345 4244 436 4305 lntnri
454 4254 567 4320 essent,
593 4264 629 4306 en
646 4241 794 4305 difficilius
811 4264 827 4304 a
845 4237 1038 4306 Caesarianis
1055 4243 1228 4308 tremissum

99 4343 136 4406 iri
158 4341 356 4426 Pompeianos
380 4365 530 4429 sperasse.
563 4342 671 4425 Quasi,
696 4345 803 4408 utalia
819 4347 972 4423 omittam,
990 4346 1094 4409 durius
1112 4357 1229 4430 tempus

100 4446 179 4509 aliud
196 4445 253 4508 dici
270 4457 382 4529 posset,
401 4470 488 4530 qnam
504 4447 658 4510 hibernum
675 4449 960 4531 tempestatibusque
975 4448 1133 4511 infestum.
1164 4445 1228 4511 Ne·

101 4569 170 4633 qne,
188 4570 254 4611 cum
270 4548 364 4613 hiems
381 4550 650 4634 praecipitauisset‚
668 4550 813 4626 leniores,
830 4551 882 4614 sed
897 4550 1230 4615 uehementioresuenti

102 4652 371 4737 consequebantur.
401 4648 462 4717 Sed
478 4652 594 4716 etiarnsi
610 4654 704 4716 lorma
720 4653 865 4717 orationis
882 4653 918 4717 ad
934 4650 1142 4718 Caesarianos
1158 4653 1230 4717 baec
