2646 5124
461 639 774 711 clevum-⁷2.
1174 650 1236 719 oet

54 836 89 882 se
112 817 177 881 lora
199 814 411 898 aequissimum
428 811 593 894 Pharnaci,
617 815 736 898 siquae
759 814 951 900 polliceretur
971 830 1180 901 repraesento-

55 930 142 985 turus
164 928 258 983 esset.
289 915 413 981 Monuit
434 928 554 992 antem,
574 927 609 981 ut
629 916 765 995 solebat,
789 917 911 981 mitibus
932 918 1034 983 uerbis
1050 920 1216 1005 legatos,2

55 1043 93 1087 ue
109 1032 161 1086 aut
176 1018 355 1085 Deiotarum
370 1020 428 1084 sibi
443 1019 622 1099 obicerent,
648 1031 702 1084 aut
716 1020 805 1084 nimis
821 1042 857 1084 eo
872 1021 1074 1105 gloriarentur
1088 1023 1180 1089 bene·

55 1126 144 1203 licio,
175 1124 255 1206 quod
275 1123 393 1187 auxilia
416 1120 560 1208 Pompeio
580 1144 641 1187 non
664 1122 829 1187 misissent.
868 1120 950 1187 Nam
971 1144 1005 1188 se
1028 1146 1124 1209 neque
1145 1126 1217 1192 ti-:t

14 1240 31 1291 a
55 1226 176 1292 beotius
197 1228 298 1292 lacere
319 1226 476 1309 quicquam
492 1246 579 1308 quam
595 1224 777 1310 supplicibus
792 1225 970 1309 ignoscere,
993 1247 1091 1310 neque
1107 1251 1176 1314 pro-
1281 1283 1282 1287 ,

55 1329 221 1393 nineiarom
236 1327 370 1413 publicas
386 1328 513 1393 iniurias
529 1328 700 1393 condonare
714 1327 752 1392 iis
768 1348 875 1412 posse,
892 1328 941 1412 qui
957 1329 1133 1396 fuissentin
1148 1353 1183 1397 se

55 1432 191 1496 officiosi.
229 1426 311 1512 Quin
330 1432 361 1495 id
383 1431 499 1515 ipsum,
529 1430 606 1513 quod
629 1441 918 1510 commemorarent,
942 1431 1068 1497 officium
1091 1434 1220 1501 fuscat

54 1533 160 1597 utilius
174 1530 336 1612 Pbaruaei,
353 1533 403 1617 qui
418 1533 612 1619 prouidisset,
630 1555 668 1598 ne
683 1534 870 1612 uinceretur,
887 1554 975 1617 quam
991 1534 1061 1613 sibi,
1079 1536 1128 1599 cui
1142 1536 1184 1600 dii

56 1635 236 1698 inmortales
251 1635 407 1699 uictoriam
421 1634 610 1699 tribuissent.
633 1632 738 1713 ltaque
754 1657 878 1715 magnas
894 1647 925 1696 et
936 1657 1045 1716 graues
1056 1637 1183 1705 iniurias
1198 1638 1219 1705 5

11 1746 31 1801 (t
56 1737 168 1800 ciuium
182 1734 400 1813 Romanorum,
417 1738 468 1817 qui
483 1737 515 1799 in
529 1731 628 1797 Ponto
644 1732 789 1818 negotiati
804 1744 917 1813 essent,
935 1737 1075 1818 quoniam
1090 1738 1123 1803 iu
1138 1742 1184 1804 in·

56 1850 176 1922 tegrum
198 1837 360 1901 restituere
381 1856 444 1901 nou
466 1846 588 1921 posset,
613 1835 779 1899 concedere
794 1832 957 1901 Pharnaci.
987 1836 1070 1904 Nam
1085 1841 1220 1926 nequeb

56 1940 222 2004 interiectis
250 1937 390 2003 amissam
418 1940 512 2003 uitam
541 1959 638 2026 neque
668 1939 801 2004 exsectis
826 1938 998 2005 uirilitatem
1020 1944 1184 2007 restituere

56 2062 164 2127 posse3
181 2042 260 2125 quod
275 2042 395 2126 quidem
409 2041 583 2126 supplicium
599 2042 721 2126 gramm
737 2052 833 2106 morte
849 2041 933 2107 ciues
941 2040 1071 2107 Romani
1086 2044 1183 2110 subis-

56 2156 135 2210 sent.
173 2143 272 2209 Ponto
294 2166 369 2210 uero
391 2146 552 2211 decederet
573 2145 731 2210 confestim
753 2145 939 2228 familiasque
962 2145 1219 2230 publicanorum7

10 2259 35 2311 ts
57 2248 227 2313 remitteret
248 2258 412 2331 ceteraque
432 2249 608 2312 restitueret
621 2249 713 2312 sociis
728 2246 901 2330 ciuibnsque
915 2246 1081 2328 Romanis,
1106 2271 1183 2333 quae

55 2370 150 2434 penes
173 2371 242 2413 cnm
264 2360 379 2413 esseut.
410 2346 445 2415 st
460 2350 602 2427 fecisset,
626 2351 685 2414 iam
701 2361 771 2413 tunc
786 2350 843 2414 sibi
860 2350 992 2413 mitteret
1006 2371 1132 2415 munera
1147 2351 1219 2416 ao8

56 2451 155 2526 dona,
177 2472 253 2535 quae
267 2450 346 2517 bene
360 2452 451 2519 rebus
465 2453 560 2537 gestis
575 2453 773 2537 imperatores
788 2451 825 2515 ab
840 2452 944 2516 amicis
959 2452 1096 2535 accipere
1111 2473 1182 2515 con·

57 2565 211 2618 suessent.
236 2551 366 2621 Miserat
381 2556 460 2621 enim
474 2553 650 2620 Pharnaces
663 2576 804 2619 coronam
820 2574 954 2619 auream.
986 2551 1043 2617 llis
1058 2575 1184 2639 respon·

57 2655 102 2721 sis
117 2656 195 2721 datis
211 2657 328 2741 legatos
343 2658 470 2723 remisit.
493 2658 537 2722 At
545 2655 717 2723 Pbamaces
733 2659 898 2723 liberaliter
911 2657 1011 2721 omnia
1024 2656 1183 2740 pollicitus,
1199 2656 1240 2727 'll

10 2767 34 2821 a
57 2778 123 2822 eum
147 2760 338 2825 lesbnautam
354 2781 389 2825 ac
405 2764 428 2844 †
444 2771 690 2845 praecurrentem
707 2757 869 2825 Caesarem
892 2769 1028 2844 speraret
1042 2759 1183 2824 libentius

57 2861 149 2925 etiam
165 2862 350 2926 crediturum
365 2864 429 2927 suis
445 2864 619 2948 promissis,
638 2884 725 2948 quam
740 2884 791 2927 res
806 2873 969 2947 pateretur,
986 2883 1044 2945 quo
1055 2861 1184 2927 celerius

57 2964 272 3047 honestiusque
286 2965 324 3028 ad
338 2986 390 3030 res
405 2967 502 3051 magis
517 2967 706 3031 necessarias
717 2967 958 3051 proficisceretur
967 2964 1096 3049 (nemini
1105 2965 1184 3030 enim

59 3077 128 3131 erat
140 3068 276 3153 ignotum
293 3069 429 3152 plurimis
444 3069 481 3133 de
496 3070 594 3134 causis
609 3071 647 3134 ad
658 3071 759 3135 urbem
768 3066 931 3134 Caesarem
941 3070 1106 3153 reuocari),
1119 3069 1184 3132 len·

61 3169 241 3254 timagora,
259 3171 421 3235 decedendi
443 3171 520 3235 diem
543 3174 694 3256 postulare
709 3173 896 3258 longiorem,
921 3171 1076 3254 pactiones
1091 3170 1184 3233 inter-

10 3284 36 3337 ts
59 3292 191 3358 ponere,
208 3274 240 3337 in
256 3294 372 3337 summa
396 3274 535 3339 frustrari
552 3277 658 3360 coepit.
691 3272 807 3340 Caesar
821 3273 940 3356 cognita
955 3270 1116 3334 calliditate
1132 3270 1221 3335 bo·2

56 3376 160 3455 minis,
171 3378 249 3459 qood
265 3377 334 3440 aliis
350 3377 532 3462 temporibus
547 3390 655 3443 natura
671 3381 770 3443 iacere
783 3384 955 3451 consuerat,
969 3384 1039 3436 tunc
1053 3372 1184 3435 necessi·

57 3488 121 3542 tate
132 3479 368 3557 lecitadductus,
378 3490 412 3543 ut
427 3481 554 3545 celerius
570 3482 701 3545 omnium
717 3479 856 3561 opinione
868 3496 987 3539 manum
997 3484 1183 3537 consereret.

57 3576 134 3644 Zela
148 3591 197 3645 est
211 3582 349 3664 oppidum
371 3581 403 3643 in
416 3578 533 3658 Ponto,
557 3583 683 3666 positum
707 3579 804 3664 ipsum
825 3587 858 3640 ut
878 3577 908 3640 in
925 3576 1012 3660 plano
1028 3576 1095 3639 loco
1110 3576 1185 3640 satis
1198 3575 1243 3646 72

57 3683 194 3747 munito:
209 3683 341 3747 tumulus
357 3681 437 3746 enim
449 3685 594 3749 naturalis
604 3683 695 3748 ueluti
709 3703 797 3745 mauu
810 3683 906 3745 lactus
919 3677 1089 3745 excelsiore
1100 3679 1185 3744 undi-

10 3795 37 3849 to
59 3785 251 3869 quelastigio
266 3785 399 3849 sustinet
413 3807 540 3851 murum.
564 3782 777 3870 Circumpositi
793 3794 864 3849 sunt
879 3783 946 3848 huic
962 3782 1069 3867 oppido
1085 3783 1186 3870 magui
1200 3782 1223 3848 2

168 3944 182 3995 1
197 3944 392 4013 aequissimum]
406 3944 515 3996 amicum
530 3946 554 3995 b.
693 3946 710 3997 2
723 3944 850 3996 militibus
863 3942 935 3994 urbis
950 3943 975 3994 b.
1102 3941 1117 3991 3
1131 3942 1186 4004 glo-

55 4020 231 4071 rienturab.
337 4023 710 4089 bqnicquamo‚nonquidq.
813 4021 922 4071 bbisa.
1027 4015 1186 4084 quiVasoo·

55 4093 369 4159 neueqainamar,
424 4112 427 4117 ·
485 4098 1012 4167 lquineg05qmbe,qoemo,·onr.a.
1118 4106 1186 4142 com·

55 4179 237 4224 memorarent
249 4188 266 4223 a
279 4189 302 4237 e,
317 4184 562 4228 commemorassent
575 4193 602 4226 ιι.
712 4175 794 4224 luisse
807 4173 899 4223 utilius
912 4171 1040 4222 Pharnaci
1053 4187 1080 4235 a,
1095 4169 1186 4221 utilius

57 4248 187 4301 Pbarnacl
203 4249 286 4301 luisse
299 4250 359 4302 edd.
491 4255 506 4305 9
520 4252 671 4304 inmortales
685 4266 711 4301 a.
841 4250 930 4315 itaque
943 4263 960 4298 ιι
974 4249 999 4311 b,
1013 4248 1101 4313 itaqua
1114 4261 1143 4297 sa
1157 4263 1184 4298 ιι.

169 4329 200 4381 ta
214 4329 363 4381 liberaliter
376 4332 461 4381 omnia
474 4347 501 4396 o,
516 4331 601 4382 omnio
614 4327 764 4381 liberaliter
776 4326 837 4378 edd.
966 4328 1000 4381 20
1013 4340 1187 4394 praecurren-

56 4415 110 4459 tem
125 4408 217 4473 ‘mss.,
232 4410 346 4476 sisorte
358 4425 373 4459 e
385 4408 404 4459 d
414 4413 554 4476 excipias,
569 4407 679 4472 omnce',
699 4412 896 4476 procurrentem
908 4422 942 4469 ας
963 4412 1145 4475 properantem
1158 4422 1186 4457 ιι.

59 4484 241 4551 Temptabam
260 4487 496 4554 praedestinantem
509 4504 541 4540 ac
554 4494 716 4540 currentem:
738 4503 801 4538 nom
814 4486 936 4538 deutlee'e'
946 4502 1025 4556 prope
1038 4491 1187 4538 currentem

55 4563 182 4627 ineptam
195 4569 246 4616 est.
361 4572 496 4630 sperasset
509 4566 534 4617 b.
641 4562 674 4618 26
687 4569 826 4615 consuerat
838 4579 867 4626 a,
880 4564 1020 4627 consueuit
1031 4565 1065 4627 b,-
1078 4576 1187 4612 consua-

56 4647 134 4693 ποι-ιι
146 4656 174 4692 ιι.
281 4641 436 4709 28positom
449 4642 531 4711 ipsum
544 4642 632 4706 codd,
641 4640 728 4708 positu
741 4641 894 4709 ipsoAtdus
907 4657 935 4693 ιι.
1041 4638 1076 4695 29
1086 4635 1187 4691 munito

56 4732 117 4786 ego,
131 4720 260 4772 munitum
274 4718 353 4773 codd.
367 4718 397 4771 Ρ.
411 4718 472 4772 wi.
579 4720 612 4773 30
624 4717 697 4787 buic]
710 4719 743 4773 be
754 4734 877 4788 cupreae.
891 4736 906 4771 o
919 4735 946 4773 a.
