2646 5124
503 127 588 136 -
631 90 672 153 43
717 129 802 138 „m

113 282 153 337 ea,
179 279 251 343 qnae
282 261 314 322 in
334 258 481 322 Parisino
510 261 605 342 primo
628 261 769 340 deerant,
802 266 911 327 collata
933 280 1005 329 sunt
1025 290 1044 331 a
1064 268 1222 354 lleycrlio.

103 363 214 429 Praeter
224 365 306 427 bunc
321 364 380 425 duo
394 373 511 426 tautum
525 363 641 427 codices
655 364 854 448 interpolatae
873 370 1004 433 lairuiliae
1023 370 1055 435 iu
1069 393 1104 435 ea
1121 384 1221 456 parte,

98 488 174 553 qnam
187 465 248 529 soli
263 475 447 541 seruaruut,
465 467 554 549 paulo
569 467 740 530 accuratius
754 468 855 531 collati
869 482 958 549 suut,
980 468 1145 537 Lcideusis
1161 474 1224 557 pri-

92 592 149 635 mus
163 580 195 633 et
210 565 444 651 Scaligeranus.
475 564 638 631 Leideusis
654 568 785 651 primus,
803 571 854 653 qui
869 583 917 635 est
931 570 1073 657 Lugduni
1088 572 1224 639 Batauo·

87 694 146 737 rum
161 672 194 736 in
209 668 400 735 bibliotheca
414 670 602 748 academiae,
627 690 752 733 numero
774 672 807 735 iu
822 674 961 758 catalogo
976 676 1222 760 nongentesimus

86 777 224 861 septimus
253 772 414 848 decimus,
444 770 481 834 ab
506 768 740 856 Oudendorpio,
763 774 814 857 qui
838 776 984 851 contulit,
1008 774 1220 862 bongarsiauo

85 880 173 962 primo
188 887 220 939 et
237 873 397 941 Vossiano
413 874 508 958 primo
524 874 677 956 aliquanto
692 877 846 939 recentior
861 876 982 939 dieitur.
1014 877 1072 941 llic
1088 880 1220 943 bonitate

84 980 201 1062 reliquis
218 976 316 1039 buius
332 976 456 1059 generis
472 976 598 1039 inferior
612 988 671 1040 est.
709 976 791 1040 Nam
815 990 847 1041 et
867 980 1015 1061 pennulta
1031 980 1120 1043 babet
1134 981 1222 1063 plane

85 1081 240 1145 temerarie
257 1090 293 1143 et
308 1079 378 1141 siue
394 1078 453 1141 ulla
468 1099 560 1141 cansa
582 1100 601 1142 a
615 1080 738 1143 librario
754 1090 870 1143 mutata
886 1091 917 1145 et
931 1082 1060 1165 uestigia
1076 1082 1222 1163 quaedam

83 1184 269 1267 contagionis
287 1181 476 1244 deteriorum
492 1181 646 1259 codicum,
671 1183 707 1245 de
723 1183 831 1265 quibus
846 1182 1000 1247 codicibus
1015 1184 1094 1247 iufra
1111 1183 1220 1247 dicam.

84 1282 180 1368 ltaque
195 1284 356 1359 cauimus,
374 1302 414 1345 ue
428 1282 526 1345 solum
541 1304 747 1369 sequeremur,
767 1285 826 1349 nisi
842 1286 893 1349 ubi
908 1286 986 1349 ratio
1002 1285 1032 1349 id
1049 1286 1221 1350 laciendum

86 1406 145 1451 csse
157 1385 344 1451 euineebat.
375 1380 603 1468 Scaligeranus,
619 1386 670 1467 qui
685 1384 808 1469 Iosepbi
822 1384 972 1471 Scaligeri
990 1388 1057 1460 luit,
1075 1409 1134 1470 quo
1150 1408 1219 1472 per·

86 1491 215 1567 uenerit,
241 1489 400 1551 incertum
423 1499 482 1551 est.
528 1484 668 1552 Contulit
689 1508 758 1553 eum
780 1509 847 1552 cum
870 1488 1002 1553 editione
1023 1486 1217 1555 Plautiniaua

85 1593 145 1655 anui
162 1590 250 1655 157⁴
267 1588 443 1675 Dionysius
458 1588 605 1668 Vossius,
631 1590 716 1655 cuius
731 1591 886 1675 excerptis
901 1592 933 1653 in
949 1588 1094 1656 Leidensi
1108 1591 1219 1656 biblio·

86 1692 165 1758 tbeea
184 1692 344 1771 seruatis,
371 1692 471 1757 minus
494 1691 591 1775 plenis
611 1693 690 1770 illis,
715 1714 801 1776 quam
825 1714 903 1776 quae
924 1694 988 1778 ipse
1010 1715 1051 1757 ex
1071 1692 1219 1757 Leideusi

87 1796 178 1879 primo
194 1796 330 1870 lecerat,
353 1816 428 1859 usus
444 1806 492 1859 est
506 1794 751 1880 Oudendorpius.
796 1792 945 1858 Pauciora
961 1796 1050 1859 etiam
1067 1818 1106 1860 ex
1124 1794 1219 1861 Cuia·
1264 1842 1271 1853 .

88 1898 171 1960 mano
186 1896 290 1960 codice
304 1906 413 1959 notata
433 1908 525 1974 sunt,
549 1918 626 1980 quae
647 1898 680 1961 in
701 1898 869 1981 exemplari
884 1894 1064 1961 ustriciano
1087 1898 1219 1980 ascripta

86 1998 225 2085 leguntur
238 2020 300 2061 uua
314 2020 383 2062 cum
398 1999 523 2081 reliquis
539 1990 663 2064 Gruteri
678 2000 902 2063 collationibus.
941 1996 974 2061 Is
996 1998 1039 2061 ita
1064 1999 1100 2062 dc
1117 2019 1153 2061 eo
1168 2018 1218 2063 re-

87 2102 170 2165 tulit:
190 2100 376 2165 ‘Praeteree
391 2102 514 2165 euotaui
530 2123 546 2165 e
562 2098 682 2167 Cuiacii
697 2103 801 2168 codice
816 2102 917 2167 uarias
932 2101 1091 2175 lectiones,
1109 2122 1184 2183 quas
1199 2121 1217 2165 e

85 2225 137 2267 ms.
160 2204 200 2268 ad
223 2224 310 2267 oram
333 2203 381 2266 soi
401 2213 542 2280 notarat,
565 2204 637 2269 item
661 2205 887 2270 emendationes
908 2204 1025 2285 aliquas
1047 2204 1144 2287 ipsius
1160 2223 1217 2267 neo

86 2326 140 2370 aon
156 2305 401 2389 expositiones',
425 2315 455 2369 ct
469 2305 559 2371 alibi:
585 2304 765 2392 ‘Comparet
779 2327 870 2391 saepe
886 2302 1004 2371 Cuiacii
1021 2307 1138 2383 codex,
1161 2304 1215 2371 sed

86 2427 119 2471 ea
130 2408 287 2491 descripsi
307 2428 351 2471 cx
372 2406 504 2471 editione
519 2408 589 2473 buic
605 2412 708 2475 simili'
733 2407 965 2495 [Gryphianum
981 2410 1052 2473 anni
1071 2406 1154 2473 1538
1169 2408 1215 2472 di·

85 2510 161 2595 cit],
188 2517 271 2593 ‘qua
287 2530 360 2573 usus
374 2510 474 2575 iuerat
488 2506 631 2575 Cuiacius
646 2532 794 2595 manuque
809 2533 864 2577 sua
879 2512 1070 2577 annotarat'.
1101 2507 1148 2575 De
1164 2532 1216 2575 ae·

85 2622 142 2677 tate
162 2612 281 2677 codicis
302 2611 372 2676 inde
395 2612 528 2677 iudicare
550 2614 638 2687 licet,
664 2615 743 2697 quod
763 2615 795 2677 in
823 2635 860 2677 eo
881 2613 992 2677 bellum
1012 2613 1215 2697 llispauieusc

83 2734 120 2778 ex
146 2712 339 2779 Petrarcbae
367 2714 492 2779 historia
520 2711 665 2781 Caesaris
695 2717 880 2800 desumptum
910 2716 1077 2801 legebatur.
1130 2714 1216 2778 llan-

84 2817 199 2881 uieusis
215 2816 349 2901 primus,
372 2819 424 2901 qui
445 2819 477 2883 iu
498 2820 581 2901 regia
596 2818 778 2881 bibliotheca
793 2829 934 2881 seruatur
950 2819 1003 2892 (iu
1019 2818 1158 2899 catalogo
1173 2816 1218 2877 bi-

84 2918 250 2985 bliotbecae
267 2918 448 2985 Tbottianae
463 2918 524 2983 vlt
534 2967 543 2997 ,
566 2918 632 2983 319
655 2940 781 2983 numero
805 2927 852 2981 cst
873 2917 1131 3001 quingentesimus
1145 2936 1218 2999 qua·

85 3023 272 3109 dragesimus
289 3024 424 3103 tertius),
441 3024 472 3087 iu
488 3021 670 3086 membranis
685 3020 829 3085 maximis
843 3020 966 3085 saeculo
982 3020 1218 3103 quartodecimo

85 3126 132 3189 uel
146 3128 307 3210 sequentis
330 3126 417 3189 initio
439 3124 589 3209 scriptus,
614 3122 804 3207 Elberlingio
825 3124 958 3187 omnium
980 3122 1108 3207 optimus
1131 3126 1216 3187 uisus

84 3240 139 3307 est,
156 3230 213 3293 sed
228 3230 283 3293 uni
298 3226 442 3292 Leidensi
459 3228 553 3312 primo
569 3238 714 3310 praestat.
751 3224 890 3293 Contulit
903 3224 1107 3309 Elberlingius
1122 3226 1215 3288 libros

85 3332 119 3396 de
139 3332 224 3396 bello
239 3330 379 3409 Gallico,
402 3340 434 3394 et
456 3330 640 3414 posteriores
661 3330 779 3412 quidem
794 3330 983 3407 amuranus,
1008 3348 1049 3393 ex
1070 3329 1157 3393 libris
1179 3327 1217 3391 de

83 3432 159 3499 bello
173 3434 258 3497 ciuili
274 3454 370 3517 pauca
385 3433 488 3495 retulit
502 3432 534 3495 in
548 3431 812 3497 obseruationibus
827 3431 941 3494 criticis
957 3431 989 3493 in
1005 3450 1113 3491 comm.
1131 3430 1168 3493 de
1183 3428 1215 3491 b.

84 3536 141 3599 ciu.
158 3558 190 3599 a.
208 3532 296 3599 1828
310 3535 400 3599 editis
415 3556 475 3599 una
491 3550 558 3597 cum
573 3534 733 3620 scripturis
748 3533 923 3616 quibusdam
931 3529 1088 3595 Cuiaciaui
1104 3530 1217 3592 codicis

86 3636 269 3722 depromptis
292 3656 335 3699 ex
356 3636 524 3722 exemplari
544 3634 748 3709 Fabricium,
773 3655 850 3717 quo,
875 3656 942 3699 cum
964 3632 1057 3697 libros
1081 3630 1217 3694 debello

86 3734 203 3803 Gallico
218 3739 345 3817 ederet,
366 3760 441 3803 usus
461 3760 522 3804 non
545 3749 603 3805 cst.
642 3734 887 3802 vindobonensis
910 3736 1043 3821 primus,
1066 3732 1220 3816 palatinae

87 3837 286 3905 bibliothecae
302 3862 430 3906 numero
445 3840 704 3927 quingentesimus
720 3839 932 3923 nonagesimus
948 3847 1094 3918 quartus,
1112 3832 1220 3897 Endli·

87 3942 174 4008 cbero
188 3943 406 4027 sexagesimus
421 3946 561 4029 quintus,
585 3944 617 4007 iu
638 3942 819 4007 membranis
834 3938 977 4003 maximis
993 3936 1114 3999 saeculo
1130 3935 1220 3996 tertio

89 4046 199 4111 decium
214 4047 361 4131 scriptus,
379 4048 507 4113 collatus
522 4056 602 4109 esta
618 4040 826 4119 Schneidcro,
844 4042 895 4123 qui
910 4051 1032 4125 praeter
1048 4038 1222 4117 discrepan-

91 4150 147 4213 tias
159 4149 198 4215 ad
213 4160 361 4235 quattuor
376 4150 493 4236 priores
508 4148 603 4215 libros
623 4147 662 4213 de
683 4144 763 4209 bello
779 4141 897 4208 Gallico
918 4140 1105 4226 pertinentes
1128 4152 1225 4218 pauca
