<?xml version="1.0" encoding="UTF-8"?>
<!DOCTYPE html PUBLIC "-//W3C//DTD XHTML 1.0 Transitional//EN"
    "http://www.w3.org/TR/xhtml1/DTD/xhtml1-transitional.dtd">
<html xmlns="http://www.w3.org/1999/xhtml" xml:lang="en" lang="en">
 <head>
  <title>
</title>
<meta http-equiv="Content-Type" content="text/html;charset=utf-8" />
  <meta name='ocr-system' content='tesseract 3.04.00' />
  <meta name='ocr-capabilities' content='ocr_page ocr_carea ocr_par ocr_line ocrx_word'/>
</head>
<body>
  <div class='ocr_page' id='page_1' title='image "./civliicaesarisc01hirtgoog_0680.png"; bbox 0 0 2646 5124; ppageno 0'>
   <div class='ocr_carea' id='block_1_1' title="bbox 474 594 1299 708">
    <p class='ocr_par' dir='ltr' id='par_1_1' title="bbox 474 594 1299 708">
     <span class='ocr_line' id='line_1_1' title="bbox 474 594 1299 708; baseline 0.011 -44"><span class='ocrx_word' id='word_1_1' title='bbox 474 701 479 708; x_wconf 26' lang='grc' dir='ltr'>Ι</span> <span class='ocrx_word' id='word_1_2' title='bbox 526 594 670 669; x_wconf 70' lang='lat' dir='ltr'>cleve·</span> <span class='ocrx_word' id='word_1_3' title='bbox 683 598 837 667; x_wconf 81' lang='grc'><strong>85-87.</strong></span> <span class='ocrx_word' id='word_1_4' title='bbox 1237 606 1299 675; x_wconf 84' lang='grc'>711</span> 
     </span>
    </p>
   </div>
   <div class='ocr_carea' id='block_1_2' title="bbox 67 768 1300 4122">
    <p class='ocr_par' dir='ltr' id='par_1_2' title="bbox 113 768 1300 1166">
     <span class='ocr_line' id='line_1_2' title="bbox 113 768 1243 863; baseline 0.006 -27"><span class='ocrx_word' id='word_1_5' title='bbox 113 772 214 858; x_wconf 90' lang='lat' dir='ltr'>pionis</span> <span class='ocrx_word' id='word_1_6' title='bbox 228 769 354 848; x_wconf 77' lang='lat' dir='ltr'><strong>milites,</strong></span> <span class='ocrx_word' id='word_1_7' title='bbox 366 790 446 833; x_wconf 78' lang='lat' dir='ltr'>cum</span> <span class='ocrx_word' id='word_1_8' title='bbox 469 768 556 834; x_wconf 89' lang='lat' dir='ltr'>bdem</span> <span class='ocrx_word' id='word_1_9' title='bbox 572 768 718 836; x_wconf 76' lang='lat' dir='ltr'>Caesaris</span> <span class='ocrx_word' id='word_1_10' title='bbox 738 772 941 856; x_wconf 89' lang='lat' dir='ltr'>inplorarcnt,</span> <span class='ocrx_word' id='word_1_11' title='bbox 964 774 1153 858; x_wconf 74' lang='lat' dir='ltr'>inspectante</span> <span class='ocrx_word' id='word_1_12' title='bbox 1177 779 1243 863; x_wconf 90' lang='lat' dir='ltr'>ipso</span> 
     </span>
     <span class='ocr_line' id='line_1_3' title="bbox 116 870 1245 960; baseline 0.001 -19"><span class='ocrx_word' id='word_1_13' title='bbox 116 872 256 941; x_wconf 74' lang='grc'>0111111</span> <span class='ocrx_word' id='word_1_14' title='bbox 270 883 332 937; x_wconf 84' lang='lat' dir='ltr'>eta</span> <span class='ocrx_word' id='word_1_15' title='bbox 347 870 493 937; x_wconf 75' lang='lat' dir='ltr'><strong>militibus</strong></span> <span class='ocrx_word' id='word_1_16' title='bbox 504 873 692 956; x_wconf 73' lang='lat' dir='ltr'>deprecante,</span> <span class='ocrx_word' id='word_1_17' title='bbox 707 877 752 939; x_wconf 89' lang='lat' dir='ltr'>eis</span> <span class='ocrx_word' id='word_1_18' title='bbox 769 877 812 939; x_wconf 87' lang='lat' dir='ltr'>uti</span> <span class='ocrx_word' id='word_1_19' title='bbox 827 887 999 960; x_wconf 79' lang='lat' dir='ltr'>parcerent,</span> <span class='ocrx_word' id='word_1_20' title='bbox 1015 878 1051 941; x_wconf 86' lang='lat' dir='ltr'>ad</span> <span class='ocrx_word' id='word_1_21' title='bbox 1068 897 1158 940; x_wconf 93' lang='lat' dir='ltr'>unum</span> <span class='ocrx_word' id='word_1_22' title='bbox 1174 891 1245 942; x_wconf 89' lang='lat' dir='ltr'>sunt</span> 
     </span>
     <span class='ocr_line' id='line_1_4' title="bbox 116 973 1300 1061; baseline -0.001 -16"><span class='ocrx_word' id='word_1_23' title='bbox 116 974 283 1045; x_wconf 86' lang='lat' dir='ltr'>interlecti.</span> <span class='ocrx_word' id='word_1_24' title='bbox 314 973 433 1040; x_wconf 80' lang='lat' dir='ltr'>Cacsar</span> <span class='ocrx_word' id='word_1_25' title='bbox 449 976 536 1039; x_wconf 91' lang='lat' dir='ltr'>trinis</span> <span class='ocrx_word' id='word_1_26' title='bbox 551 976 660 1039; x_wconf 87' lang='lat' dir='ltr'>castris</span> <span class='ocrx_word' id='word_1_27' title='bbox 676 978 788 1061; x_wconf 87' lang='lat' dir='ltr'>potitus</span> <span class='ocrx_word' id='word_1_28' title='bbox 803 978 971 1060; x_wconf 79' lang='lat' dir='ltr'><strong>occisisque</strong></span> <span class='ocrx_word' id='word_1_29' title='bbox 987 978 1116 1042; x_wconf 90' lang='lat' dir='ltr'>bostium</span> <span class='ocrx_word' id='word_1_30' title='bbox 1131 991 1153 1042; x_wconf 80' lang='lat' dir='ltr'>L</span> <span class='ocrx_word' id='word_1_31' title='bbox 1168 981 1300 1053; x_wconf 68' lang='lat' dir='ltr'>mili-86</span> 
     </span>
     <span class='ocr_line' id='line_1_5' title="bbox 117 1076 1244 1166; baseline 0.001 -21"><span class='ocrx_word' id='word_1_32' title='bbox 117 1082 178 1145; x_wconf 90' lang='lat' dir='ltr'>bns</span> <span class='ocrx_word' id='word_1_33' title='bbox 195 1078 361 1165; x_wconf 74' lang='lat' dir='ltr'>fugatisque</span> <span class='ocrx_word' id='word_1_34' title='bbox 376 1076 570 1161; x_wconf 81' lang='lat' dir='ltr'><strong>conpluribus</strong></span> <span class='ocrx_word' id='word_1_35' title='bbox 592 1098 626 1142; x_wconf 86' lang='lat' dir='ltr'>se</span> <span class='ocrx_word' id='word_1_36' title='bbox 648 1080 761 1162; x_wconf 84' lang='lat' dir='ltr'>recepit</span> <span class='ocrx_word' id='word_1_37' title='bbox 783 1091 804 1142; x_wconf 79' lang='lat' dir='ltr'>L</span> <span class='ocrx_word' id='word_1_38' title='bbox 820 1080 964 1143; x_wconf 87' lang='lat' dir='ltr'>militibus</span> <span class='ocrx_word' id='word_1_39' title='bbox 979 1080 1116 1156; x_wconf 85' lang='lat' dir='ltr'>amissis,</span> <span class='ocrx_word' id='word_1_40' title='bbox 1142 1083 1244 1166; x_wconf 87' lang='lat' dir='ltr'>paucis</span> 
     </span>
    </p>

    <p class='ocr_par' dir='ltr' id='par_1_3' title="bbox 77 1180 1281 1676">
     <span class='ocr_line' id='line_1_6' title="bbox 77 1180 1245 1267; baseline -0.001 -19"><span class='ocrx_word' id='word_1_41' title='bbox 77 1198 95 1248; x_wconf 78' lang='grc'>1</span> <span class='ocrx_word' id='word_1_42' title='bbox 119 1182 233 1249; x_wconf 89' lang='lat' dir='ltr'>sauciis</span> <span class='ocrx_word' id='word_1_43' title='bbox 253 1181 285 1244; x_wconf 90' lang='lat' dir='ltr'>in</span> <span class='ocrx_word' id='word_1_44' title='bbox 300 1189 403 1245; x_wconf 86' lang='lat' dir='ltr'>castra</span> <span class='ocrx_word' id='word_1_45' title='bbox 424 1180 571 1243; x_wconf 81' lang='lat' dir='ltr'>utstatim</span> <span class='ocrx_word' id='word_1_46' title='bbox 588 1200 629 1243; x_wconf 83' lang='lat' dir='ltr'>ex</span> <span class='ocrx_word' id='word_1_47' title='bbox 643 1180 752 1244; x_wconf 86' lang='lat' dir='ltr'>itinere</span> <span class='ocrx_word' id='word_1_48' title='bbox 767 1192 838 1245; x_wconf 86' lang='lat' dir='ltr'>ante</span> <span class='ocrx_word' id='word_1_49' title='bbox 854 1183 990 1265; x_wconf 89' lang='lat' dir='ltr'>oppidum</span> <span class='ocrx_word' id='word_1_50' title='bbox 1004 1180 1157 1267; x_wconf 82' lang='lat' dir='ltr'>&#39;l&#39;bapsum</span> <span class='ocrx_word' id='word_1_51' title='bbox 1172 1206 1245 1247; x_wconf 90' lang='lat' dir='ltr'>con·</span> 
     </span>
     <span class='ocr_line' id='line_1_7' title="bbox 116 1283 1281 1367; baseline 0.002 -19"><span class='ocrx_word' id='word_1_52' title='bbox 116 1285 195 1349; x_wconf 85' lang='lat' dir='ltr'>stitit</span> <span class='ocrx_word' id='word_1_53' title='bbox 208 1283 442 1367; x_wconf 73' lang='lat' dir='ltr'>elephantosque</span> <span class='ocrx_word' id='word_1_54' title='bbox 456 1292 505 1344; x_wconf 81' lang='lat' dir='ltr'>Lx</span> <span class='ocrx_word' id='word_1_55' title='bbox 519 1292 644 1345; x_wconf 85' lang='lat' dir='ltr'>ornatos</span> <span class='ocrx_word' id='word_1_56' title='bbox 659 1292 848 1366; x_wconf 81' lang='lat' dir='ltr'>armatosque</span> <span class='ocrx_word' id='word_1_57' title='bbox 863 1305 930 1347; x_wconf 92' lang='lat' dir='ltr'>cum</span> <span class='ocrx_word' id='word_1_58' title='bbox 941 1284 1076 1348; x_wconf 85' lang='lat' dir='ltr'>turribus</span> <span class='ocrx_word' id='word_1_59' title='bbox 1085 1306 1244 1350; x_wconf 85' lang='lat' dir='ltr'>oruamen·</span> <span class='ocrx_word' id='word_1_60' title='bbox 1259 1286 1281 1349; x_wconf 79' lang='lat'>2</span> 
     </span>
     <span class='ocr_line' id='line_1_8' title="bbox 116 1384 1245 1470; baseline -0.001 -19"><span class='ocrx_word' id='word_1_61' title='bbox 116 1388 213 1469; x_wconf 81' lang='lat' dir='ltr'>lisque</span> <span class='ocrx_word' id='word_1_62' title='bbox 229 1384 340 1470; x_wconf 87' lang='lat' dir='ltr'>[capit]</span> <span class='ocrx_word' id='word_1_63' title='bbox 355 1393 459 1467; x_wconf 88' lang='lat' dir='ltr'>captos</span> <span class='ocrx_word' id='word_1_64' title='bbox 472 1395 543 1447; x_wconf 78' lang='lat' dir='ltr'>ante</span> <span class='ocrx_word' id='word_1_65' title='bbox 551 1385 687 1467; x_wconf 90' lang='lat' dir='ltr'>oppidum</span> <span class='ocrx_word' id='word_1_66' title='bbox 696 1384 863 1449; x_wconf 84' lang='lat' dir='ltr'>instructos</span> <span class='ocrx_word' id='word_1_67' title='bbox 872 1385 1039 1461; x_wconf 76' lang='lat' dir='ltr'>constituit,</span> <span class='ocrx_word' id='word_1_68' title='bbox 1057 1386 1088 1450; x_wconf 95' lang='lat' dir='ltr'>id</span> <span class='ocrx_word' id='word_1_69' title='bbox 1103 1386 1158 1450; x_wconf 89' lang='lat' dir='ltr'>boc</span> <span class='ocrx_word' id='word_1_70' title='bbox 1174 1408 1245 1451; x_wconf 93' lang='lat' dir='ltr'>con·</span> 
     </span>
     <span class='ocr_line' id='line_1_9' title="bbox 115 1482 1245 1573; baseline 0.002 -21"><span class='ocrx_word' id='word_1_71' title='bbox 115 1488 198 1565; x_wconf 87' lang='lat' dir='ltr'>silio,</span> <span class='ocrx_word' id='word_1_72' title='bbox 216 1486 244 1551; x_wconf 91' lang='lat' dir='ltr'>si</span> <span class='ocrx_word' id='word_1_73' title='bbox 257 1482 520 1569; x_wconf 81' lang='lat' dir='ltr'>possetVergilius</span> <span class='ocrx_word' id='word_1_74' title='bbox 531 1487 640 1569; x_wconf 93' lang='lat' dir='ltr'>quique</span> <span class='ocrx_word' id='word_1_75' title='bbox 650 1507 716 1549; x_wconf 90' lang='lat' dir='ltr'>cum</span> <span class='ocrx_word' id='word_1_76' title='bbox 732 1507 769 1550; x_wconf 92' lang='lat' dir='ltr'>eo</span> <span class='ocrx_word' id='word_1_77' title='bbox 777 1487 992 1551; x_wconf 88' lang='lat' dir='ltr'>obsidebantur</span> <span class='ocrx_word' id='word_1_78' title='bbox 1001 1488 1045 1552; x_wconf 86' lang='lat' dir='ltr'>rei</span> <span class='ocrx_word' id='word_1_79' title='bbox 1055 1489 1132 1552; x_wconf 84' lang='lat' dir='ltr'>male</span> <span class='ocrx_word' id='word_1_80' title='bbox 1141 1500 1245 1573; x_wconf 80' lang='lat' dir='ltr'>gestae</span> 
     </span>
     <span class='ocr_line' id='line_1_10' title="bbox 118 1587 1281 1676; baseline 0.003 -24"><span class='ocrx_word' id='word_1_81' title='bbox 118 1608 241 1652; x_wconf 91' lang='lat' dir='ltr'>suornm</span> <span class='ocrx_word' id='word_1_82' title='bbox 255 1587 366 1651; x_wconf 90' lang='lat' dir='ltr'>indicio</span> <span class='ocrx_word' id='word_1_83' title='bbox 380 1608 398 1651; x_wconf 92' lang='lat' dir='ltr'>a</span> <span class='ocrx_word' id='word_1_84' title='bbox 411 1587 579 1672; x_wconf 84' lang='lat' dir='ltr'>pertinacia</span> <span class='ocrx_word' id='word_1_85' title='bbox 600 1591 717 1653; x_wconf 86' lang='lat' dir='ltr'>deduci.</span> <span class='ocrx_word' id='word_1_86' title='bbox 750 1587 867 1654; x_wconf 81' lang='lat' dir='ltr'>Deinde</span> <span class='ocrx_word' id='word_1_87' title='bbox 882 1591 946 1673; x_wconf 89' lang='lat' dir='ltr'>ipse</span> <span class='ocrx_word' id='word_1_88' title='bbox 961 1588 1129 1673; x_wconf 81' lang='lat' dir='ltr'><strong>Vergilium</strong></span> <span class='ocrx_word' id='word_1_89' title='bbox 1146 1592 1244 1676; x_wconf 89' lang='lat' dir='ltr'>appel·</span> <span class='ocrx_word' id='word_1_90' title='bbox 1261 1591 1281 1656; x_wconf 83' lang='lat'><strong>3</strong></span> 
     </span>
    </p>

    <p class='ocr_par' dir='ltr' id='par_1_4' title="bbox 67 1684 1280 2183">
     <span class='ocr_line' id='line_1_11' title="bbox 67 1684 1244 1774; baseline 0.004 -21"><span class='ocrx_word' id='word_1_91' title='bbox 67 1702 92 1755; x_wconf 79' lang='grc'>,1</span> <span class='ocrx_word' id='word_1_92' title='bbox 118 1692 194 1755; x_wconf 86' lang='lat' dir='ltr'>lauit</span> <span class='ocrx_word' id='word_1_93' title='bbox 209 1684 406 1772; x_wconf 87' lang='lat' dir='ltr'>inuitauitque</span> <span class='ocrx_word' id='word_1_94' title='bbox 419 1690 456 1753; x_wconf 87' lang='lat' dir='ltr'>ad</span> <span class='ocrx_word' id='word_1_95' title='bbox 471 1690 652 1754; x_wconf 88' lang='lat' dir='ltr'>deditionem</span> <span class='ocrx_word' id='word_1_96' title='bbox 669 1712 812 1774; x_wconf 84' lang='lat' dir='ltr'>suumque</span> <span class='ocrx_word' id='word_1_97' title='bbox 827 1692 979 1755; x_wconf 87' lang='lat' dir='ltr'>lenitatem</span> <span class='ocrx_word' id='word_1_98' title='bbox 1002 1702 1033 1755; x_wconf 87' lang='lat' dir='ltr'>et</span> <span class='ocrx_word' id='word_1_99' title='bbox 1055 1694 1244 1758; x_wconf 84' lang='lat' dir='ltr'>elementiam</span> 
     </span>
     <span class='ocr_line' id='line_1_12' title="bbox 117 1787 1244 1877; baseline 0.002 -20"><span class='ocrx_word' id='word_1_100' title='bbox 117 1792 374 1857; x_wconf 86' lang='lat' dir='ltr'>commemorauit.</span> <span class='ocrx_word' id='word_1_101' title='bbox 405 1787 503 1872; x_wconf 84' lang='lat' dir='ltr'>Quem</span> <span class='ocrx_word' id='word_1_102' title='bbox 520 1803 674 1876; x_wconf 85' lang='lat' dir='ltr'>postquam</span> <span class='ocrx_word' id='word_1_103' title='bbox 690 1794 901 1857; x_wconf 85' lang='lat' dir='ltr'>animaduertit</span> <span class='ocrx_word' id='word_1_104' title='bbox 915 1794 1094 1877; x_wconf 84' lang='lat' dir='ltr'>responsum</span> <span class='ocrx_word' id='word_1_105' title='bbox 1108 1794 1166 1858; x_wconf 86' lang='lat' dir='ltr'>sibi</span> <span class='ocrx_word' id='word_1_106' title='bbox 1182 1816 1244 1859; x_wconf 91' lang='lat' dir='ltr'>uon</span> 
     </span>
     <span class='ocr_line' id='line_1_13' title="bbox 117 1892 1280 1977; baseline 0.002 -18"><span class='ocrx_word' id='word_1_107' title='bbox 117 1896 201 1972; x_wconf 84' lang='lat' dir='ltr'>dare,</span> <span class='ocrx_word' id='word_1_108' title='bbox 218 1895 256 1957; x_wconf 90' lang='lat' dir='ltr'>ab</span> <span class='ocrx_word' id='word_1_109' title='bbox 272 1894 379 1977; x_wconf 92' lang='lat' dir='ltr'>oppido</span> <span class='ocrx_word' id='word_1_110' title='bbox 393 1894 545 1958; x_wconf 87' lang='lat' dir='ltr'>discessit.</span> <span class='ocrx_word' id='word_1_111' title='bbox 569 1892 698 1957; x_wconf 86' lang='lat' dir='ltr'>Postero</span> <span class='ocrx_word' id='word_1_112' title='bbox 713 1894 761 1959; x_wconf 92' lang='lat' dir='ltr'>dic</span> <span class='ocrx_word' id='word_1_113' title='bbox 776 1896 879 1958; x_wconf 81' lang='lat' dir='ltr'>diuina</span> <span class='ocrx_word' id='word_1_114' title='bbox 895 1915 928 1958; x_wconf 90' lang='lat' dir='ltr'>rc</span> <span class='ocrx_word' id='word_1_115' title='bbox 945 1897 1023 1958; x_wconf 86' lang='lat' dir='ltr'>facta</span> <span class='ocrx_word' id='word_1_116' title='bbox 1033 1897 1176 1960; x_wconf 87' lang='lat' dir='ltr'>contione</span> <span class='ocrx_word' id='word_1_117' title='bbox 1191 1897 1280 1963; x_wconf 74' lang='lat' dir='ltr'>aee</span> 
     </span>
     <span class='ocr_line' id='line_1_14' title="bbox 117 1996 1243 2080; baseline 0 -20"><span class='ocrx_word' id='word_1_118' title='bbox 117 2007 222 2061; x_wconf 81' lang='lat' dir='ltr'>noenta</span> <span class='ocrx_word' id='word_1_119' title='bbox 238 1997 270 2059; x_wconf 96' lang='lat' dir='ltr'>in</span> <span class='ocrx_word' id='word_1_120' title='bbox 286 2006 451 2079; x_wconf 87' lang='lat' dir='ltr'>conspectu</span> <span class='ocrx_word' id='word_1_121' title='bbox 466 1997 680 2080; x_wconf 79' lang='lat' dir='ltr'>oppidanorum</span> <span class='ocrx_word' id='word_1_122' title='bbox 695 1997 805 2061; x_wconf 92' lang='lat' dir='ltr'><strong>milites</strong></span> <span class='ocrx_word' id='word_1_123' title='bbox 821 1996 971 2060; x_wconf 83' lang='lat' dir='ltr'>collaudat</span> <span class='ocrx_word' id='word_1_124' title='bbox 986 2007 1139 2080; x_wconf 81' lang='lat' dir='ltr'>telumque</span> <span class='ocrx_word' id='word_1_125' title='bbox 1151 2018 1243 2062; x_wconf 87' lang='lat' dir='ltr'>exer-</span> 
     </span>
     <span class='ocr_line' id='line_1_15' title="bbox 116 2098 1242 2183; baseline 0.001 -19"><span class='ocrx_word' id='word_1_126' title='bbox 116 2102 206 2164; x_wconf 87' lang='lat' dir='ltr'>citum</span> <span class='ocrx_word' id='word_1_127' title='bbox 223 2108 401 2162; x_wconf 77' lang='lat' dir='ltr'>ueteranum</span> <span class='ocrx_word' id='word_1_128' title='bbox 417 2098 561 2178; x_wconf 87' lang='lat' dir='ltr'>donauit,</span> <span class='ocrx_word' id='word_1_129' title='bbox 585 2099 718 2182; x_wconf 79' lang='lat' dir='ltr'>praemis</span> <span class='ocrx_word' id='word_1_130' title='bbox 734 2100 897 2163; x_wconf 77' lang='lat' dir='ltr'>fortissimo</span> <span class='ocrx_word' id='word_1_131' title='bbox 913 2098 1022 2183; x_wconf 87' lang='lat' dir='ltr'>cuique</span> <span class='ocrx_word' id='word_1_132' title='bbox 1036 2122 1072 2163; x_wconf 85' lang='lat' dir='ltr'>ac</span> <span class='ocrx_word' id='word_1_133' title='bbox 1086 2099 1165 2165; x_wconf 92' lang='lat' dir='ltr'>bene</span> <span class='ocrx_word' id='word_1_134' title='bbox 1179 2121 1242 2165; x_wconf 88' lang='lat' dir='ltr'>me-</span> 
     </span>
    </p>

    <p class='ocr_par' dir='ltr' id='par_1_5' title="bbox 67 2198 1276 2676">
     <span class='ocr_line' id='line_1_16' title="bbox 67 2198 1276 2286; baseline 0 -19"><span class='ocrx_word' id='word_1_135' title='bbox 67 2216 91 2269; x_wconf 74' lang='grc'>1</span> <span class='ocrx_word' id='word_1_136' title='bbox 113 2203 194 2269; x_wconf 89' lang='lat' dir='ltr'>renti</span> <span class='ocrx_word' id='word_1_137' title='bbox 210 2222 265 2285; x_wconf 95' lang='lat' dir='ltr'>pro</span> <span class='ocrx_word' id='word_1_138' title='bbox 280 2198 426 2285; x_wconf 77' lang='lat' dir='ltr'>suggestu</span> <span class='ocrx_word' id='word_1_139' title='bbox 440 2199 545 2265; x_wconf 82' lang='lat' dir='ltr'>tribuit</span> <span class='ocrx_word' id='word_1_140' title='bbox 559 2221 596 2264; x_wconf 89' lang='lat' dir='ltr'>ac</span> <span class='ocrx_word' id='word_1_141' title='bbox 611 2202 711 2265; x_wconf 86' lang='lat' dir='ltr'>statim</span> <span class='ocrx_word' id='word_1_142' title='bbox 732 2201 801 2264; x_wconf 91' lang='lat' dir='ltr'>inde</span> <span class='ocrx_word' id='word_1_143' title='bbox 816 2202 971 2284; x_wconf 82' lang='lat' dir='ltr'>digressus</span> <span class='ocrx_word' id='word_1_144' title='bbox 986 2199 1095 2265; x_wconf 86' lang='lat' dir='ltr'>Rebilo</span> <span class='ocrx_word' id='word_1_145' title='bbox 1110 2224 1238 2286; x_wconf 86' lang='lat' dir='ltr'>pronon·</span> <span class='ocrx_word' id='word_1_146' title='bbox 1255 2201 1276 2267; x_wconf 83' lang='lat'>5</span> 
     </span>
     <span class='ocr_line' id='line_1_17' title="bbox 114 2298 1241 2389; baseline -0.001 -19"><span class='ocrx_word' id='word_1_147' title='bbox 114 2306 180 2370; x_wconf 89' lang='lat' dir='ltr'>sule</span> <span class='ocrx_word' id='word_1_148' title='bbox 202 2322 268 2367; x_wconf 89' lang='lat' dir='ltr'>cum</span> <span class='ocrx_word' id='word_1_149' title='bbox 290 2314 325 2365; x_wconf 89' lang='grc'>111</span> <span class='ocrx_word' id='word_1_150' title='bbox 348 2301 386 2366; x_wconf 87' lang='lat' dir='ltr'>ad</span> <span class='ocrx_word' id='word_1_151' title='bbox 399 2298 550 2387; x_wconf 76' lang='lat' dir='ltr'><strong>Thapsum</strong></span> <span class='ocrx_word' id='word_1_152' title='bbox 575 2303 743 2389; x_wconf 82' lang='lat' dir='ltr'>legionibus</span> <span class='ocrx_word' id='word_1_153' title='bbox 765 2314 799 2366; x_wconf 87' lang='lat' dir='ltr'>et</span> <span class='ocrx_word' id='word_1_154' title='bbox 813 2299 872 2367; x_wconf 88' lang='lat' dir='ltr'>Cn.</span> <span class='ocrx_word' id='word_1_155' title='bbox 891 2300 1024 2366; x_wconf 81' lang='lat' dir='ltr'>llumitio</span> <span class='ocrx_word' id='word_1_156' title='bbox 1046 2324 1112 2366; x_wconf 90' lang='lat' dir='ltr'>cum</span> <span class='ocrx_word' id='word_1_157' title='bbox 1128 2304 1241 2369; x_wconf 82' lang='lat' dir='ltr'>duabus</span> 
     </span>
     <span class='ocr_line' id='line_1_18' title="bbox 114 2401 1243 2490; baseline 0 -21"><span class='ocrx_word' id='word_1_158' title='bbox 114 2405 276 2483; x_wconf 85' lang='lat' dir='ltr'>Tbisdrae,</span> <span class='ocrx_word' id='word_1_159' title='bbox 294 2403 344 2467; x_wconf 93' lang='lat' dir='ltr'>ubi</span> <span class='ocrx_word' id='word_1_160' title='bbox 359 2401 521 2469; x_wconf 83' lang='lat' dir='ltr'>Considius</span> <span class='ocrx_word' id='word_1_161' title='bbox 537 2416 688 2490; x_wconf 84' lang='lat' dir='ltr'>praeerat,</span> <span class='ocrx_word' id='word_1_162' title='bbox 706 2406 743 2468; x_wconf 84' lang='lat' dir='ltr'>ed</span> <span class='ocrx_word' id='word_1_163' title='bbox 758 2404 949 2469; x_wconf 86' lang='lat' dir='ltr'>obsidendum</span> <span class='ocrx_word' id='word_1_164' title='bbox 965 2405 1080 2468; x_wconf 89' lang='lat' dir='ltr'>relictis</span> <span class='ocrx_word' id='word_1_165' title='bbox 1094 2403 1141 2467; x_wconf 92' lang='grc' dir='ltr'>Μ.</span> <span class='ocrx_word' id='word_1_166' title='bbox 1159 2404 1243 2469; x_wconf 82' lang='lat' dir='ltr'>liles-</span> 
     </span>
     <span class='ocr_line' id='line_1_19' title="bbox 116 2506 1242 2592; baseline -0.004 -17"><span class='ocrx_word' id='word_1_167' title='bbox 116 2509 182 2575; x_wconf 81' lang='lat' dir='ltr'>saln</span> <span class='ocrx_word' id='word_1_168' title='bbox 197 2506 317 2573; x_wconf 87' lang='lat' dir='ltr'>Vticam</span> <span class='ocrx_word' id='word_1_169' title='bbox 333 2516 403 2571; x_wconf 86' lang='lat' dir='ltr'>aute</span> <span class='ocrx_word' id='word_1_170' title='bbox 418 2509 585 2592; x_wconf 85' lang='lat' dir='ltr'>praemisso</span> <span class='ocrx_word' id='word_1_171' title='bbox 606 2530 672 2572; x_wconf 91' lang='lat' dir='ltr'>cum</span> <span class='ocrx_word' id='word_1_172' title='bbox 694 2508 827 2591; x_wconf 82' lang='lat' dir='ltr'>equitatu</span> <span class='ocrx_word' id='word_1_173' title='bbox 849 2508 914 2591; x_wconf 87' lang='lat' dir='ltr'>ipse</span> <span class='ocrx_word' id='word_1_174' title='bbox 937 2507 1042 2569; x_wconf 87' lang='lat' dir='ltr'>codem</span> <span class='ocrx_word' id='word_1_175' title='bbox 1063 2507 1122 2570; x_wconf 86' lang='lat' dir='ltr'>iter</span> <span class='ocrx_word' id='word_1_176' title='bbox 1142 2508 1242 2570; x_wconf 83' lang='lat' dir='ltr'>lacere</span> 
     </span>
     <span class='ocr_line' id='line_1_20' title="bbox 116 2610 280 2676; baseline -0.006 -1"><span class='ocrx_word' id='word_1_177' title='bbox 116 2610 280 2676; x_wconf 90' lang='lat' dir='ltr'>contendit.</span> 
     </span>
    </p>

    <p class='ocr_par' dir='ltr' id='par_1_6' title="bbox 67 2709 1299 3211">
     <span class='ocr_line' id='line_1_21' title="bbox 67 2709 1299 2798; baseline -0.002 -19"><span class='ocrx_word' id='word_1_178' title='bbox 67 2726 92 2779; x_wconf 78' lang='lat' dir='ltr'>tu</span> <span class='ocrx_word' id='word_1_179' title='bbox 200 2712 326 2796; x_wconf 83' lang='lat' dir='ltr'>Equites</span> <span class='ocrx_word' id='word_1_180' title='bbox 339 2713 464 2778; x_wconf 88' lang='lat' dir='ltr'>interim</span> <span class='ocrx_word' id='word_1_181' title='bbox 480 2709 646 2798; x_wconf 78' lang='lat' dir='ltr'>Scipionis,</span> <span class='ocrx_word' id='word_1_182' title='bbox 670 2714 721 2797; x_wconf 93' lang='lat' dir='ltr'>qui</span> <span class='ocrx_word' id='word_1_183' title='bbox 737 2734 777 2777; x_wconf 86' lang='lat' dir='ltr'>ex</span> <span class='ocrx_word' id='word_1_184' title='bbox 792 2712 906 2797; x_wconf 90' lang='lat' dir='ltr'>proelio</span> <span class='ocrx_word' id='word_1_185' title='bbox 923 2714 1075 2796; x_wconf 79' lang='lat' dir='ltr'>lugerent,</span> <span class='ocrx_word' id='word_1_186' title='bbox 1092 2732 1157 2775; x_wconf 90' lang='lat' dir='ltr'>cum</span> <span class='ocrx_word' id='word_1_187' title='bbox 1176 2712 1299 2784; x_wconf 72' lang='lat' dir='ltr'><strong>Vll-87</strong></span> 
     </span>
     <span class='ocr_line' id='line_1_22' title="bbox 116 2812 1242 2900; baseline 0.001 -20"><span class='ocrx_word' id='word_1_188' title='bbox 116 2837 181 2881; x_wconf 90' lang='lat' dir='ltr'>eam</span> <span class='ocrx_word' id='word_1_189' title='bbox 204 2833 311 2880; x_wconf 83' lang='lat' dir='ltr'>uersus</span> <span class='ocrx_word' id='word_1_190' title='bbox 332 2817 393 2880; x_wconf 87' lang='lat' dir='ltr'>iter</span> <span class='ocrx_word' id='word_1_191' title='bbox 413 2816 566 2894; x_wconf 83' lang='lat' dir='ltr'>iacerent,</span> <span class='ocrx_word' id='word_1_192' title='bbox 591 2818 771 2900; x_wconf 87' lang='lat' dir='ltr'>perueniunt</span> <span class='ocrx_word' id='word_1_193' title='bbox 785 2817 822 2881; x_wconf 87' lang='lat' dir='ltr'>ad</span> <span class='ocrx_word' id='word_1_194' title='bbox 838 2816 976 2900; x_wconf 90' lang='lat' dir='ltr'>oppidum</span> <span class='ocrx_word' id='word_1_195' title='bbox 991 2812 1150 2879; x_wconf 88' lang='lat' dir='ltr'>Paradam.</span> <span class='ocrx_word' id='word_1_196' title='bbox 1182 2815 1242 2881; x_wconf 89' lang='lat' dir='ltr'>Vbi</span> 
     </span>
     <span class='ocr_line' id='line_1_23' title="bbox 116 2914 1241 3002; baseline 0.002 -21"><span class='ocrx_word' id='word_1_197' title='bbox 116 2940 184 2981; x_wconf 92' lang='lat' dir='ltr'>cum</span> <span class='ocrx_word' id='word_1_198' title='bbox 198 2917 235 2980; x_wconf 88' lang='lat' dir='ltr'>ab</span> <span class='ocrx_word' id='word_1_199' title='bbox 251 2917 357 2981; x_wconf 92' lang='lat' dir='ltr'>incolis</span> <span class='ocrx_word' id='word_1_200' title='bbox 372 2914 433 2982; x_wconf 87' lang='lat' dir='ltr'>non</span> <span class='ocrx_word' id='word_1_201' title='bbox 448 2918 675 3002; x_wconf 88' lang='lat' dir='ltr'>reciperentur,</span> <span class='ocrx_word' id='word_1_202' title='bbox 698 2919 766 2983; x_wconf 92' lang='lat' dir='ltr'>ideo</span> <span class='ocrx_word' id='word_1_203' title='bbox 782 2920 858 3002; x_wconf 95' lang='lat' dir='ltr'>quod</span> <span class='ocrx_word' id='word_1_204' title='bbox 875 2921 951 2982; x_wconf 83' lang='lat' dir='ltr'>lama</span> <span class='ocrx_word' id='word_1_205' title='bbox 967 2918 1004 2981; x_wconf 92' lang='lat' dir='ltr'>de</span> <span class='ocrx_word' id='word_1_206' title='bbox 1019 2919 1146 2982; x_wconf 85' lang='lat' dir='ltr'>uictoria</span> <span class='ocrx_word' id='word_1_207' title='bbox 1161 2916 1241 2984; x_wconf 83' lang='lat' dir='ltr'>Cac-</span> 
     </span>
     <span class='ocr_line' id='line_1_24' title="bbox 117 3019 1240 3107; baseline 0 -22"><span class='ocrx_word' id='word_1_208' title='bbox 117 3019 198 3085; x_wconf 87' lang='lat' dir='ltr'>suria</span> <span class='ocrx_word' id='word_1_209' title='bbox 214 3022 484 3106; x_wconf 87' lang='lat' dir='ltr'>praecucurrisset,</span> <span class='ocrx_word' id='word_1_210' title='bbox 501 3022 532 3086; x_wconf 97' lang='lat' dir='ltr'>ui</span> <span class='ocrx_word' id='word_1_211' title='bbox 547 3022 655 3106; x_wconf 90' lang='lat' dir='ltr'>oppido</span> <span class='ocrx_word' id='word_1_212' title='bbox 669 3021 754 3107; x_wconf 87' lang='lat' dir='ltr'>potiti</span> <span class='ocrx_word' id='word_1_213' title='bbox 768 3022 800 3086; x_wconf 92' lang='lat' dir='ltr'>in</span> <span class='ocrx_word' id='word_1_214' title='bbox 817 3022 914 3086; x_wconf 89' lang='lat' dir='ltr'>medio</span> <span class='ocrx_word' id='word_1_215' title='bbox 929 3023 995 3085; x_wconf 88' lang='lat' dir='ltr'>loro</span> <span class='ocrx_word' id='word_1_216' title='bbox 1010 3021 1100 3105; x_wconf 79' lang='lat' dir='ltr'>lignis</span> <span class='ocrx_word' id='word_1_217' title='bbox 1115 3042 1240 3087; x_wconf 88' lang='lat' dir='ltr'>coacer-</span> 
     </span>
     <span class='ocr_line' id='line_1_25' title="bbox 117 3118 1241 3211; baseline 0.001 -25"><span class='ocrx_word' id='word_1_218' title='bbox 117 3118 196 3187; x_wconf 76' lang='lat' dir='ltr'>u&#39;atis</span> <span class='ocrx_word' id='word_1_219' title='bbox 211 3122 408 3205; x_wconf 87' lang='lat' dir='ltr'>omnibusque</span> <span class='ocrx_word' id='word_1_220' title='bbox 423 3124 512 3188; x_wconf 90' lang='lat' dir='ltr'>rebus</span> <span class='ocrx_word' id='word_1_221' title='bbox 528 3144 632 3187; x_wconf 91' lang='lat' dir='ltr'>eorum</span> <span class='ocrx_word' id='word_1_222' title='bbox 642 3126 794 3209; x_wconf 76' lang='lat' dir='ltr'>congestis</span> <span class='ocrx_word' id='word_1_223' title='bbox 806 3127 905 3211; x_wconf 78' lang='lat' dir='ltr'>iguem</span> <span class='ocrx_word' id='word_1_224' title='bbox 915 3123 1066 3187; x_wconf 88' lang='lat' dir='ltr'>subiciunt</span> <span class='ocrx_word' id='word_1_225' title='bbox 1076 3135 1165 3206; x_wconf 85' lang='lat' dir='ltr'>atquc</span> <span class='ocrx_word' id='word_1_226' title='bbox 1177 3125 1241 3188; x_wconf 93' lang='lat' dir='ltr'>cius</span> 
     </span>
    </p>

    <p class='ocr_par' dir='ltr' id='par_1_7' title="bbox 67 3225 1285 3720">
     <span class='ocr_line' id='line_1_26' title="bbox 67 3225 1241 3311; baseline -0.003 -21"><span class='ocrx_word' id='word_1_227' title='bbox 67 3236 93 3290; x_wconf 58' lang='lat' dir='ltr'><em>w</em></span> <span class='ocrx_word' id='word_1_228' title='bbox 116 3225 215 3310; x_wconf 90' lang='lat' dir='ltr'>oppidi</span> <span class='ocrx_word' id='word_1_229' title='bbox 230 3226 346 3290; x_wconf 89' lang='lat' dir='ltr'>incolas</span> <span class='ocrx_word' id='word_1_230' title='bbox 361 3226 504 3310; x_wconf 87' lang='lat' dir='ltr'>cuiusque</span> <span class='ocrx_word' id='word_1_231' title='bbox 518 3228 641 3310; x_wconf 82' lang='lat' dir='ltr'>generis</span> <span class='ocrx_word' id='word_1_232' title='bbox 656 3228 821 3311; x_wconf 75' lang='lat' dir='ltr'>aetatisque</span> <span class='ocrx_word' id='word_1_233' title='bbox 845 3228 930 3289; x_wconf 90' lang='lat' dir='ltr'>uiuos</span> <span class='ocrx_word' id='word_1_234' title='bbox 951 3225 1190 3306; x_wconf 79' lang='lat' dir='ltr'>constrictosque</span> <span class='ocrx_word' id='word_1_235' title='bbox 1210 3227 1241 3287; x_wconf 91' lang='lat' dir='ltr'>iu</span> 
     </span>
     <span class='ocr_line' id='line_1_27' title="bbox 115 3324 1241 3411; baseline -0.002 -22"><span class='ocrx_word' id='word_1_236' title='bbox 115 3328 263 3390; x_wconf 84' lang='lat' dir='ltr'>bammum</span> <span class='ocrx_word' id='word_1_237' title='bbox 279 3329 432 3392; x_wconf 90' lang='lat' dir='ltr'>coniciunt</span> <span class='ocrx_word' id='word_1_238' title='bbox 445 3340 534 3411; x_wconf 86' lang='lat' dir='ltr'>atque</span> <span class='ocrx_word' id='word_1_239' title='bbox 546 3330 589 3393; x_wconf 89' lang='lat' dir='ltr'>ita</span> <span class='ocrx_word' id='word_1_240' title='bbox 599 3330 793 3393; x_wconf 87' lang='lat' dir='ltr'>acerbissimo</span> <span class='ocrx_word' id='word_1_241' title='bbox 802 3325 1116 3409; x_wconf 77' lang='lat' dir='ltr'>adliciuntsuppliui03</span> <span class='ocrx_word' id='word_1_242' title='bbox 1135 3324 1241 3387; x_wconf 87' lang='lat' dir='ltr'>deinde</span> 
     </span>
     <span class='ocr_line' id='line_1_28' title="bbox 115 3423 1285 3516; baseline -0.001 -24"><span class='ocrx_word' id='word_1_243' title='bbox 115 3430 253 3514; x_wconf 90' lang='lat' dir='ltr'>protinus</span> <span class='ocrx_word' id='word_1_244' title='bbox 268 3429 388 3495; x_wconf 89' lang='lat' dir='ltr'>Vticam</span> <span class='ocrx_word' id='word_1_245' title='bbox 404 3433 596 3516; x_wconf 87' lang='lat' dir='ltr'>perueniunt.</span> <span class='ocrx_word' id='word_1_246' title='bbox 621 3429 784 3515; x_wconf 87' lang='lat' dir='ltr'>Superiora</span> <span class='ocrx_word' id='word_1_247' title='bbox 801 3441 934 3512; x_wconf 89' lang='lat' dir='ltr'>tempore</span> <span class='ocrx_word' id='word_1_248' title='bbox 948 3426 995 3490; x_wconf 89' lang='lat' dir='ltr'>M.</span> <span class='ocrx_word' id='word_1_249' title='bbox 1011 3423 1100 3505; x_wconf 87' lang='lat' dir='ltr'>Cato,</span> <span class='ocrx_word' id='word_1_250' title='bbox 1117 3427 1193 3509; x_wconf 93' lang='lat' dir='ltr'>quod</span> <span class='ocrx_word' id='word_1_251' title='bbox 1209 3428 1241 3490; x_wconf 95' lang='lat' dir='ltr'>in</span> <span class='ocrx_word' id='word_1_252' title='bbox 1255 3426 1285 3491; x_wconf 75' lang='lat'>2·</span> 
     </span>
     <span class='ocr_line' id='line_1_29' title="bbox 116 3528 1240 3618; baseline -0.003 -23"><span class='ocrx_word' id='word_1_253' title='bbox 116 3528 313 3596; x_wconf 80' lang='lat' dir='ltr'>Vticensibus</span> <span class='ocrx_word' id='word_1_254' title='bbox 333 3543 457 3618; x_wconf 87' lang='lat' dir='ltr'>propter</span> <span class='ocrx_word' id='word_1_255' title='bbox 477 3535 654 3599; x_wconf 78' lang='lat' dir='ltr'>beneficium</span> <span class='ocrx_word' id='word_1_256' title='bbox 682 3533 756 3617; x_wconf 80' lang='lat' dir='ltr'>legis</span> <span class='ocrx_word' id='word_1_257' title='bbox 779 3529 874 3595; x_wconf 88' lang='lat' dir='ltr'>Iuliae</span> <span class='ocrx_word' id='word_1_258' title='bbox 897 3551 999 3615; x_wconf 89' lang='lat' dir='ltr'>purum</span> <span class='ocrx_word' id='word_1_259' title='bbox 1022 3530 1085 3593; x_wconf 88' lang='lat' dir='ltr'>suis</span> <span class='ocrx_word' id='word_1_260' title='bbox 1108 3528 1240 3613; x_wconf 86' lang='lat' dir='ltr'>partibus</span> 
     </span>
     <span class='ocr_line' id='line_1_30' title="bbox 115 3632 1240 3720; baseline -0.002 -24"><span class='ocrx_word' id='word_1_261' title='bbox 115 3634 257 3717; x_wconf 86' lang='lat' dir='ltr'>praesidii</span> <span class='ocrx_word' id='word_1_262' title='bbox 279 3654 348 3700; x_wconf 87' lang='lat' dir='ltr'>esse</span> <span class='ocrx_word' id='word_1_263' title='bbox 362 3637 610 3712; x_wconf 82' lang='lat' dir='ltr'>existimauerat,</span> <span class='ocrx_word' id='word_1_264' title='bbox 635 3636 749 3720; x_wconf 89' lang='lat' dir='ltr'>plebem</span> <span class='ocrx_word' id='word_1_265' title='bbox 771 3636 915 3698; x_wconf 87' lang='lat' dir='ltr'>inermem</span> <span class='ocrx_word' id='word_1_266' title='bbox 937 3632 1043 3719; x_wconf 93' lang='lat' dir='ltr'>oppido</span> <span class='ocrx_word' id='word_1_267' title='bbox 1059 3632 1190 3696; x_wconf 88' lang='lat' dir='ltr'>eiecerat</span> <span class='ocrx_word' id='word_1_268' title='bbox 1210 3642 1240 3696; x_wconf 90' lang='lat' dir='ltr'>ct</span> 
     </span>
    </p>

    <p class='ocr_par' dir='ltr' id='par_1_8' title="bbox 67 3735 1241 3924">
     <span class='ocr_line' id='line_1_31' title="bbox 67 3735 1241 3821; baseline 0 -23"><span class='ocrx_word' id='word_1_269' title='bbox 67 3746 93 3798; x_wconf 85' lang='lat' dir='ltr'>tu</span> <span class='ocrx_word' id='word_1_270' title='bbox 115 3736 187 3800; x_wconf 86' lang='lat' dir='ltr'>ante</span> <span class='ocrx_word' id='word_1_271' title='bbox 208 3749 323 3820; x_wconf 82' lang='lat' dir='ltr'>portem</span> <span class='ocrx_word' id='word_1_272' title='bbox 346 3738 483 3802; x_wconf 86' lang='lat' dir='ltr'>bellicam</span> <span class='ocrx_word' id='word_1_273' title='bbox 506 3740 616 3803; x_wconf 83' lang='lat' dir='ltr'>castris</span> <span class='ocrx_word' id='word_1_274' title='bbox 633 3740 772 3820; x_wconf 82' lang='lat' dir='ltr'>fossaque</span> <span class='ocrx_word' id='word_1_275' title='bbox 788 3737 912 3821; x_wconf 82' lang='lat' dir='ltr'>paruula</span> <span class='ocrx_word' id='word_1_276' title='bbox 928 3736 1076 3799; x_wconf 77' lang='lat' dir='ltr'>duntaxat</span> <span class='ocrx_word' id='word_1_277' title='bbox 1092 3735 1241 3799; x_wconf 86' lang='lat' dir='ltr'>munierat</span> 
     </span>
     <span class='ocr_line' id='line_1_32' title="bbox 114 3837 1239 3924; baseline 0 -22"><span class='ocrx_word' id='word_1_278' title='bbox 114 3837 213 3922; x_wconf 90' lang='lat' dir='ltr'>ibique</span> <span class='ocrx_word' id='word_1_279' title='bbox 228 3840 373 3904; x_wconf 87' lang='lat' dir='ltr'>custodiis</span> <span class='ocrx_word' id='word_1_280' title='bbox 390 3842 581 3906; x_wconf 86' lang='lat' dir='ltr'>circumdatis</span> <span class='ocrx_word' id='word_1_281' title='bbox 596 3841 731 3904; x_wconf 85' lang='lat' dir='ltr'>babitare</span> <span class='ocrx_word' id='word_1_282' title='bbox 747 3847 906 3923; x_wconf 59' lang='lat' dir='ltr'>caligosam</span> <span class='ocrx_word' id='word_1_283' title='bbox 923 3850 1061 3904; x_wconf 85' lang='lat' dir='ltr'>senatum</span> <span class='ocrx_word' id='word_1_284' title='bbox 1074 3851 1174 3905; x_wconf 88' lang='lat' dir='ltr'>autem</span> <span class='ocrx_word' id='word_1_285' title='bbox 1187 3860 1239 3924; x_wconf 94' lang='lat' dir='ltr'>op-</span> 
     </span>
    </p>

    <p class='ocr_par' dir='ltr' id='par_1_9' title="bbox 224 3977 1237 4122">
     <span class='ocr_line' id='line_1_33' title="bbox 224 3977 1237 4045; baseline -0.002 -18"><span class='ocrx_word' id='word_1_286' title='bbox 224 3977 237 4028; x_wconf 91' lang='lat' dir='ltr'>l</span> <span class='ocrx_word' id='word_1_287' title='bbox 252 3978 413 4044; x_wconf 87' lang='lat' dir='ltr'>inplorarent</span> <span class='ocrx_word' id='word_1_288' title='bbox 426 3995 453 4032; x_wconf 86' lang='lat' dir='ltr'>u.</span> <span class='ocrx_word' id='word_1_289' title='bbox 562 3981 577 4031; x_wconf 80' lang='lat'><strong>3</strong></span> <span class='ocrx_word' id='word_1_290' title='bbox 592 3995 677 4045; x_wconf 78' lang='lat' dir='ltr'>nego,</span> <span class='ocrx_word' id='word_1_291' title='bbox 691 3996 708 4031; x_wconf 83' lang='lat' dir='ltr'>x</span> <span class='ocrx_word' id='word_1_292' title='bbox 722 3980 797 4030; x_wconf 86' lang='lat' dir='ltr'>codd.</span> <span class='ocrx_word' id='word_1_293' title='bbox 811 3980 842 4030; x_wconf 87' lang='lat' dir='ltr'>P.</span> <span class='ocrx_word' id='word_1_294' title='bbox 857 3980 917 4036; x_wconf 73' lang='lat'><strong>226.</strong></span> <span class='ocrx_word' id='word_1_295' title='bbox 1024 3979 1130 4030; x_wconf 87' lang='lat' dir='ltr'>milibus</span> <span class='ocrx_word' id='word_1_296' title='bbox 1142 3993 1195 4026; x_wconf 89' lang='lat' dir='ltr'>om.</span> <span class='ocrx_word' id='word_1_297' title='bbox 1210 3993 1237 4026; x_wconf 88' lang='lat' dir='ltr'>u.</span> 
     </span>
     <span class='ocr_line' id='line_1_34' title="bbox 224 4051 1237 4122; baseline 0 -20"><span class='ocrx_word' id='word_1_298' title='bbox 224 4053 241 4103; x_wconf 78' lang='lat' dir='ltr'>l</span> <span class='ocrx_word' id='word_1_299' title='bbox 253 4055 420 4122; x_wconf 89' lang='lat' dir='ltr'>conpluribus</span> <span class='ocrx_word' id='word_1_300' title='bbox 432 4072 459 4108; x_wconf 87' lang='lat' dir='ltr'>n.</span> <span class='ocrx_word' id='word_1_301' title='bbox 627 4060 642 4112; x_wconf 80' lang='grc'>5</span> <span class='ocrx_word' id='word_1_302' title='bbox 655 4057 783 4107; x_wconf 81' lang='lat' dir='ltr'>utstatim</span> <span class='ocrx_word' id='word_1_303' title='bbox 797 4070 857 4121; x_wconf 78' lang='lat' dir='ltr'>ego,</span> <span class='ocrx_word' id='word_1_304' title='bbox 871 4055 976 4107; x_wconf 81' lang='lat' dir='ltr'>estutim</span> <span class='ocrx_word' id='word_1_305' title='bbox 988 4070 1005 4104; x_wconf 89' lang='lat' dir='ltr'>a</span> <span class='ocrx_word' id='word_1_306' title='bbox 1020 4056 1052 4116; x_wconf 83' lang='lat' dir='ltr'>b,·</span> <span class='ocrx_word' id='word_1_307' title='bbox 1066 4069 1097 4103; x_wconf 87' lang='lat' dir='ltr'>ac</span> <span class='ocrx_word' id='word_1_308' title='bbox 1109 4051 1197 4101; x_wconf 84' lang='lat' dir='ltr'>stetim</span> <span class='ocrx_word' id='word_1_309' title='bbox 1210 4067 1237 4102; x_wconf 85' lang='lat' dir='ltr'>u.</span> 
     </span>
    </p>
   </div>
   <div class='ocr_carea' id='block_1_3' title="bbox 111 4130 1240 4745">
    <p class='ocr_par' dir='ltr' id='par_1_10' title="bbox 111 4130 1240 4745">
     <span class='ocr_line' id='line_1_35' title="bbox 224 4130 1240 4202; baseline -0.002 -20"><span class='ocrx_word' id='word_1_310' title='bbox 224 4131 355 4186; x_wconf 78' lang='lat' dir='ltr'>&#39;l&#39;babaum</span> <span class='ocrx_word' id='word_1_311' title='bbox 368 4152 395 4187; x_wconf 84' lang='lat' dir='ltr'>e.-</span> <span class='ocrx_word' id='word_1_312' title='bbox 509 4138 524 4188; x_wconf 83' lang='lat' dir='ltr'>u</span> <span class='ocrx_word' id='word_1_313' title='bbox 539 4151 570 4188; x_wconf 84' lang='lat' dir='ltr'>cx</span> <span class='ocrx_word' id='word_1_314' title='bbox 584 4151 642 4202; x_wconf 81' lang='lat' dir='ltr'>ego,</span> <span class='ocrx_word' id='word_1_315' title='bbox 657 4152 717 4188; x_wconf 81' lang='grc'>11111</span> <span class='ocrx_word' id='word_1_316' title='bbox 729 4134 807 4186; x_wconf 81' lang='lat' dir='ltr'>codd.</span> <span class='ocrx_word' id='word_1_317' title='bbox 822 4136 852 4184; x_wconf 84' lang='grc' dir='ltr'>Ρ.</span> <span class='ocrx_word' id='word_1_318' title='bbox 866 4135 927 4185; x_wconf 74' lang='grc'>221).</span> <span class='ocrx_word' id='word_1_319' title='bbox 1040 4130 1240 4197; x_wconf 64' lang='grc'>1111111111-</span> 
     </span>
     <span class='ocr_line' id='line_1_36' title="bbox 113 4209 1236 4280; baseline -0.001 -19"><span class='ocrx_word' id='word_1_320' title='bbox 113 4211 177 4261; x_wconf 85' lang='lat' dir='ltr'>dum</span> <span class='ocrx_word' id='word_1_321' title='bbox 189 4211 264 4263; x_wconf 78' lang='lat' dir='ltr'>uidit</span> <span class='ocrx_word' id='word_1_322' title='bbox 277 4212 470 4280; x_wconf 78' lang='lat' dir='ltr'>Gluadorpius.</span> <span class='ocrx_word' id='word_1_323' title='bbox 585 4216 670 4267; x_wconf 72' lang='grc'>11119</span> <span class='ocrx_word' id='word_1_324' title='bbox 683 4210 782 4277; x_wconf 72' lang='lat' dir='ltr'>Vergil.</span> <span class='ocrx_word' id='word_1_325' title='bbox 797 4227 823 4274; x_wconf 86' lang='lat' dir='ltr'>a,</span> <span class='ocrx_word' id='word_1_326' title='bbox 838 4209 931 4273; x_wconf 74' lang='lat' dir='ltr'>Virgil.</span> <span class='ocrx_word' id='word_1_327' title='bbox 947 4224 973 4258; x_wconf 85' lang='lat' dir='ltr'>u.</span> <span class='ocrx_word' id='word_1_328' title='bbox 1090 4209 1197 4276; x_wconf 72' lang='lat' dir='ltr'>dipsum</span> <span class='ocrx_word' id='word_1_329' title='bbox 1212 4211 1236 4262; x_wconf 88' lang='lat' dir='ltr'>b.</span> 
     </span>
     <span class='ocr_line' id='line_1_37' title="bbox 222 4285 1240 4359; baseline -0.003 -16"><span class='ocrx_word' id='word_1_330' title='bbox 222 4291 434 4359; x_wconf 81' lang='lat' dir='ltr'>lbineitauilque</span> <span class='ocrx_word' id='word_1_331' title='bbox 449 4293 473 4342; x_wconf 90' lang='lat' dir='ltr'>b.</span> <span class='ocrx_word' id='word_1_332' title='bbox 580 4306 652 4342; x_wconf 87' lang='lat' dir='ltr'>suam</span> <span class='ocrx_word' id='word_1_333' title='bbox 667 4292 690 4341; x_wconf 85' lang='lat' dir='ltr'>b.</span> <span class='ocrx_word' id='word_1_334' title='bbox 799 4288 831 4339; x_wconf 79' lang='lat'>12</span> <span class='ocrx_word' id='word_1_335' title='bbox 840 4287 963 4338; x_wconf 81' lang='lat' dir='ltr'>discessit</span> <span class='ocrx_word' id='word_1_336' title='bbox 975 4303 991 4336; x_wconf 86' lang='lat' dir='ltr'>a</span> <span class='ocrx_word' id='word_1_337' title='bbox 1002 4286 1016 4335; x_wconf 90' lang='lat' dir='ltr'>b</span> <span class='ocrx_word' id='word_1_338' title='bbox 1029 4288 1047 4338; x_wconf 77' lang='grc'>4</span> <span class='ocrx_word' id='word_1_339' title='bbox 1058 4285 1137 4352; x_wconf 78' lang='lat' dir='ltr'>daec,</span> <span class='ocrx_word' id='word_1_340' title='bbox 1151 4304 1240 4340; x_wconf 86' lang='lat' dir='ltr'>reces-</span> 
     </span>
     <span class='ocr_line' id='line_1_38' title="bbox 113 4363 1237 4432; baseline 0.002 -17"><span class='ocrx_word' id='word_1_341' title='bbox 113 4365 284 4419; x_wconf 80' lang='lat' dir='ltr'>aitAldueu.</span> <span class='ocrx_word' id='word_1_342' title='bbox 391 4368 574 4432; x_wconf 76' lang='lat' dir='ltr'>concionale).</span> <span class='ocrx_word' id='word_1_343' title='bbox 683 4363 888 4416; x_wconf 80' lang='lat' dir='ltr'>lli&#39;l&#39;bubsuma.</span> <span class='ocrx_word' id='word_1_344' title='bbox 994 4363 1237 4429; x_wconf 78' lang='lat' dir='ltr'>legionibnsom.a‚</span> 
     </span>
     <span class='ocr_line' id='line_1_39' title="bbox 112 4440 1236 4509; baseline 0.001 -18"><span class='ocrx_word' id='word_1_345' title='bbox 112 4442 262 4495; x_wconf 85' lang='lat' dir='ltr'>eoborlibue</span> <span class='ocrx_word' id='word_1_346' title='bbox 276 4447 301 4495; x_wconf 86' lang='lat' dir='ltr'>b.</span> <span class='ocrx_word' id='word_1_347' title='bbox 411 4444 581 4498; x_wconf 79' lang='lat' dir='ltr'>ll&#39;l&#39;biadrae</span> <span class='ocrx_word' id='word_1_348' title='bbox 594 4460 620 4508; x_wconf 87' lang='lat' dir='ltr'>a,</span> <span class='ocrx_word' id='word_1_349' title='bbox 629 4442 741 4495; x_wconf 79' lang='lat' dir='ltr'>&#39;l&#39;isdrne</span> <span class='ocrx_word' id='word_1_350' title='bbox 754 4457 783 4494; x_wconf 84' lang='lat' dir='ltr'>u.</span> <span class='ocrx_word' id='word_1_351' title='bbox 886 4440 1001 4494; x_wconf 81' lang='lat' dir='ltr'>Messala</span> <span class='ocrx_word' id='word_1_352' title='bbox 1014 4441 1063 4509; x_wconf 83' lang='lat' dir='ltr'>(a),</span> <span class='ocrx_word' id='word_1_353' title='bbox 1075 4440 1236 4495; x_wconf 85' lang='lat' dir='ltr'>llessalluu.</span> 
     </span>
     <span class='ocr_line' id='line_1_40' title="bbox 220 4522 1127 4577; baseline -0.002 -1"><span class='ocrx_word' id='word_1_354' title='bbox 220 4524 252 4576; x_wconf 77' lang='lat'>21</span> <span class='ocrx_word' id='word_1_355' title='bbox 262 4523 380 4577; x_wconf 84' lang='lat' dir='ltr'>Paradae</span> <span class='ocrx_word' id='word_1_356' title='bbox 393 4524 471 4577; x_wconf 75' lang='lat' dir='ltr'>codd.</span> <span class='ocrx_word' id='word_1_357' title='bbox 481 4525 511 4575; x_wconf 86' lang='grc' dir='ltr'>Ρ.</span> <span class='ocrx_word' id='word_1_358' title='bbox 524 4525 564 4575; x_wconf 87' lang='grc'>18.</span> <span class='ocrx_word' id='word_1_359' title='bbox 669 4522 859 4577; x_wconf 65' lang='lat' dir='ltr'>succlamare.</span> <span class='ocrx_word' id='word_1_360' title='bbox 965 4523 1091 4577; x_wconf 79' lang='lat' dir='ltr'>adficiunt</span> <span class='ocrx_word' id='word_1_361' title='bbox 1100 4540 1127 4574; x_wconf 89' lang='lat' dir='ltr'>u.</span> 
     </span>
     <span class='ocr_line' id='line_1_41' title="bbox 111 4595 1238 4669; baseline -0.002 -18"><span class='ocrx_word' id='word_1_362' title='bbox 111 4595 145 4651; x_wconf 76' lang='lat'>2⁷</span> <span class='ocrx_word' id='word_1_363' title='bbox 157 4598 183 4648; x_wconf 90' lang='lat' dir='ltr'>in</span> <span class='ocrx_word' id='word_1_364' title='bbox 194 4604 259 4664; x_wconf 83' lang='lat' dir='ltr'>pest</span> <span class='ocrx_word' id='word_1_365' title='bbox 270 4602 338 4667; x_wconf 90' lang='lat' dir='ltr'>qnod</span> <span class='ocrx_word' id='word_1_366' title='bbox 348 4605 446 4669; x_wconf 79' lang='lat' dir='ltr'>posuit</span> <span class='ocrx_word' id='word_1_367' title='bbox 455 4602 590 4665; x_wconf 65' lang='lat' dir='ltr'>Faernus,</span> <span class='ocrx_word' id='word_1_368' title='bbox 602 4605 666 4666; x_wconf 79' lang='lat' dir='ltr'>poet</span> <span class='ocrx_word' id='word_1_369' title='bbox 678 4613 767 4666; x_wconf 89' lang='lat' dir='ltr'>parum</span> <span class='ocrx_word' id='word_1_370' title='bbox 779 4598 836 4665; x_wconf 76' lang='lat'>(28)</span> <span class='ocrx_word' id='word_1_371' title='bbox 846 4605 954 4667; x_wconf 79' lang='lat' dir='ltr'>ponunt</span> <span class='ocrx_word' id='word_1_372' title='bbox 964 4601 1042 4652; x_wconf 88' lang='lat' dir='ltr'>codd.</span> <span class='ocrx_word' id='word_1_373' title='bbox 1151 4596 1184 4648; x_wconf 80' lang='grc'>30</span> <span class='ocrx_word' id='word_1_374' title='bbox 1196 4613 1238 4649; x_wconf 92' lang='lat' dir='ltr'>ca-</span> 
     </span>
     <span class='ocr_line' id='line_1_42' title="bbox 114 4675 1040 4745; baseline 0.002 -22"><span class='ocrx_word' id='word_1_375' title='bbox 114 4675 178 4727; x_wconf 86' lang='lat' dir='ltr'>stris</span> <span class='ocrx_word' id='word_1_376' title='bbox 191 4692 244 4728; x_wconf 79' lang='lat' dir='ltr'>ona.</span> <span class='ocrx_word' id='word_1_377' title='bbox 260 4677 287 4729; x_wconf 88' lang='lat' dir='ltr'>d.</span> <span class='ocrx_word' id='word_1_378' title='bbox 395 4678 527 4745; x_wconf 80' lang='lat' dir='ltr'>iussisque</span> <span class='ocrx_word' id='word_1_379' title='bbox 539 4694 557 4729; x_wconf 85' lang='lat' dir='ltr'>a</span> <span class='ocrx_word' id='word_1_380' title='bbox 570 4679 585 4729; x_wconf 82' lang='lat' dir='ltr'>b</span> <span class='ocrx_word' id='word_1_381' title='bbox 599 4694 623 4742; x_wconf 89' lang='lat' dir='ltr'>e,</span> <span class='ocrx_word' id='word_1_382' title='bbox 638 4676 707 4729; x_wconf 84' lang='lat' dir='ltr'>lassa</span> <span class='ocrx_word' id='word_1_383' title='bbox 721 4676 748 4727; x_wconf 83' lang='lat' dir='ltr'>d.</span> <span class='ocrx_word' id='word_1_384' title='bbox 853 4678 1001 4729; x_wconf 79' lang='lat' dir='ltr'>muniuerat</span> <span class='ocrx_word' id='word_1_385' title='bbox 1013 4691 1040 4726; x_wconf 87' lang='lat' dir='ltr'>u.</span> 
     </span>
    </p>
   </div>
   <div class='ocr_carea' id='block_1_4' title="bbox 0 0 1328 5124">
    <p class='ocr_par' dir='ltr' id='par_1_11' title="bbox 0 0 1328 5124">
     <span class='ocr_line' id='line_1_43' title="bbox 0 0 1328 5124; baseline 0 3"><span class='ocrx_word' id='word_1_386' title='bbox 0 0 1328 5124; x_wconf 95' lang='lat' dir='ltr'> </span> 
     </span>
    </p>
   </div>
  </div>
 </body>
</html>
