2646 5124
91 784 285 867 iungercmus
313 793 346 846 et
366 782 494 847 uberum
517 781 622 847 ‘siue'
644 802 704 847 non
724 782 874 867 reprimi
894 782 1082 869 respondero
1102 784 1157 849 aei
1173 804 1219 851 ott·

93 886 215 969 quentia
230 886 394 969 adiungere
408 895 628 959 statueremus,
653 896 755 947 tamen
769 885 902 968 ineptum
922 896 992 949 erat
1011 886 1126 953 eburno
1139 906 1218 973 pr*
1260 908 1262 915 ·

92 989 188 1070 ceptis
209 988 288 1063 ttici,
318 988 369 1070 qui
393 989 560 1073 praeceptis
582 987 669 1069 plane
691 988 845 1053 contraria
867 988 1031 1053 iaciebant.
1069 986 1217 1057 bauai·

92 1089 222 1153 coniecit
245 1100 331 1153 ‘cum
347 1092 384 1155 etl
400 1112 467 1153 enm
483 1089 579 1152 locum
595 1090 728 1153 uenisset
743 1088 876 1153 arbusti’
896 1090 986 1174 idque
999 1092 1158 1157 crumu-
1170 1094 1218 1159 ἦ·
1257 1150 1262 1175 ,

93 1201 194 1255 netum
218 1192 276 1256 dici
301 1194 528 1275 interpretatur.
569 1190 684 1255 t'emu
707 1192 763 1255 boc
783 1192 929 1257 olinetam
952 1193 1032 1259 ultra
1056 1194 1221 1261 conullfl'
1259 1196 1262 1259 ἐ

93 1306 160 1359 erat
182 1296 227 1378 (ᾖ.
247 1294 298 1374 l),
323 1294 352 1357 bi
366 1294 500 1358 bomines
515 1294 547 1356 iu
562 1295 712 1358 conualle.
747 1292 915 1361 Praeterea
936 1298 1218 1365 remuriam

92 1399 218 1461 mnium
233 1408 318 1474 erat,
349 1397 399 1480 qui
420 1396 485 1458 siue
501 1394 586 1458 obliti
601 1407 828 1480 praeceptorum
842 1398 910 1461 siue
924 1399 1016 1463 ueriti
1031 1411 1157 1481 essent,
1184 1388 1226 1469 n*

94 1501 353 1586 opprimerentur,
378 1518 475 1580 neque
487 1498 517 1561 it
532 1498 608 1561 satis
623 1499 780 1583 perspicue
800 1502 834 1563 ttt
854 1503 1032 1585 pronomine
1049 1502 1132 1569 ‘illi’
1145 1502 1221 1571 alb·

95 1614 158 1680 cto,
175 1605 253 1685 quod
269 1600 406 1665 Daebaio
422 1600 590 1664 laciendum
606 1600 782 1681 uidebatur,
799 1603 886 1667 cuine
901 1614 1003 1669 tamen
1017 1606 1067 1671 rei
1081 1626 1122 1671 aa
1134 1606 1220 1695 ipu-

103 1704 288 1787 quitlcmulla
304 1715 349 1768 est
365 1702 570 1788 probabilitas.
595 1700 658 1766 Pro
665 1702 770 1768 abusio
783 1705 843 1770 illis
857 1708 1087 1790 ponendierant
1102 1708 1219 1775 ‘abtim

180 1804 254 1870 lnle
269 1826 288 1868 a
303 1807 404 1869 tinec.
423 1804 462 1868 51
480 1806 554 1869 baec
569 1805 728 1891 leguntur:
749 1804 840 1873 ‘litim
855 1809 930 1873 baec
945 1830 1053 1894 opera,
1070 1832 1147 1895 qnae
1157 1820 1219 1879 nto

95 1910 179 1986 dixi,
204 1909 316 1972 fiebant
330 1928 349 1971 a
363 1908 551 1991 legionibus,
574 1909 696 1973 interim
717 1930 788 1994 para
809 1911 875 1975 acic
896 1911 1049 1976 instructa
1071 1914 1128 1979 aab
1142 1914 1220 1979 bd·

96 2011 213 2087 stabat,
238 2012 356 2094 equites
378 2011 498 2075 barbari
516 2012 653 2095 leuisque
676 2023 851 2077 armaturae
870 2014 994 2099 proeliis
1009 2014 1135 2081 minutis
1147 2036 1220 2081 σοι·

96 2114 195 2178 minus
211 2114 401 2177 dimicabant.
429 2109 548 2179 Caesar
560 2112 598 2177 ab
612 2133 652 2177 eo
666 2135 758 2197 opere
773 2136 839 2179 cun
854 2114 914 2180 iam
929 2116 986 2180 sub
1000 2136 1162 2201 uesprm
1174 2138 1219 2183 oa·

95 2219 162 2301 pias
175 2218 206 2279 iu
222 2228 323 2280 castra
338 2217 506 2293 reduceret,
522 2236 632 2299 magno
646 2216 769 2280 incursu
784 2238 851 2282 cum
865 2218 947 2282 omui
961 2218 1101 2303 equitatu
1111 2220 1218 2307 lenique

96 2330 248 2383 armatura
262 2317 349 2395 Iuba,
366 2314 486 2402 Scipio,
504 2315 657 2383 Labienus
673 2320 705 2383 ia
720 2319 904 2404 legionarios
920 2322 1065 2405 impetum
1082 2324 1216 2389 toccu-t

96 2421 224 2504 Equites
241 2420 416 2484 Caesariani
439 2424 469 2484 ui
493 2423 653 2485 uniuersae
676 2423 852 2504 subitaeque
876 2424 1004 2486 bostium
1029 2427 1217 2492 multitudinis

98 2526 172 2609 pulsi
190 2544 347 2608 parumper
362 2526 542 2588 cesserunt'.
569 2526 791 2588 Animaduertit
808 2525 950 2589 Dauisius
963 2530 1113 2592 extremis
1129 2529 1217 2593 uerbis

98 2640 128 2690 ct
144 2630 192 2704 iis,
211 2649 286 2710 quac
303 2627 442 2710 tlciuceps
459 2628 612 2711 leguntur,
632 2629 734 2691 hostes
751 2631 782 2692 in
798 2630 959 2711 equitatum
976 2627 1125 2695 Caesaris
1137 2634 1218 2715 impe

99 2741 160 2794 tum
179 2732 286 2794 iecisse
302 2731 514 2794 deutonstrari.
539 2728 644 2812 ltaque
661 2731 753 2794 uerba
771 2733 813 2794 ‘in
829 2734 1012 2815 legionarios
1028 2735 1169 2817 impetum
1182 2736 1218 2799 lc·

98 2835 214 2896 cerunt'
230 2846 371 2918 corrupta
387 2834 539 2895 iudicauit.
565 2831 605 2895 Et
621 2853 693 2895 saue
710 2833 866 2917 legionarii
884 2836 1052 2900 dicisolent
1065 2837 1220 2920 pediteslc·

99 2938 231 3020 giounm.
261 2936 372 2999 Verum
399 2938 445 2998 bic
469 2958 529 2998 uou
545 2935 669 2999 moleste
685 2936 899 3017 intelleguntur
916 2940 1075 3023 legionarii
1100 2942 1220 3023 equites,

97 3063 162 3103 cum
181 3040 324 3123 proximis
341 3038 545 3121 superioribus
562 3038 661 3101 uerbis
679 3053 949 3107 cornmeutorentttr
967 3042 1099 3124 ‘equites
1111 3044 1222 3109 barbati

98 3144 232 3228 leuisque
249 3143 442 3207 armaturae‘.
471 3142 584 3205 Notum
602 3153 648 3207 est
664 3154 763 3206 autem
780 3145 961 3225 aliquantum
978 3157 1049 3209 aute
1067 3147 1142 3211 baec
1157 3158 1225 3211 teur-

99 3270 172 3330 pora
188 3250 322 3331 equitatu
338 3248 447 3310 ciuium
465 3246 668 3310 Romanorum
686 3267 746 3307 aou
763 3268 833 3308 usos
851 3268 918 3309 esse
930 3245 1100 3312 Romanos.
1126 3250 1225 3315 Relin-

99 3353 200 3433 quitur
216 3354 320 3437 igitur,
338 3362 370 3413 ut
386 3350 501 3432 equites
517 3350 683 3413 auxiliares
697 3349 810 3412 diuisos
822 3349 1226 3438 luissestatuamusparten·

99 3475 154 3534 quc
171 3456 229 3516 leui
247 3465 435 3527 armaturae,
460 3463 573 3533 partem
590 3453 678 3528 item,
703 3463 736 3513 ut
751 3452 913 3533 antiquitus
930 3453 1036 3528 liobat,
1061 3456 1226 3539 legionibus

100 3554 272 3616 attributam
290 3576 369 3618 esse.
406 3550 497 3633 lthuc
520 3554 563 3614 ita
586 3556 677 3616 luisse
695 3576 735 3618 ex
749 3553 825 3616 Tac.
843 3576 914 3616 auu.
932 3554 990 3631 ll',
1008 3555 1051 3619 73
1067 3569 1100 3621 et
1116 3560 1184 3623 bist.
1201 3557 1226 3636 l,

98 3656 139 3718 57
156 3658 302 3731 uidemus,
332 3657 379 3719 ubi
398 3663 525 3717 ‘ttrrraae
541 3655 669 3718 sociales
686 3659 861 3739 equitesque
878 3657 1039 3739 legionum'
1056 3670 1088 3723 et
1106 3662 1229 3744 ‘equites

99 3759 225 3842 legionis
242 3758 490 3839 auxiliorumque'
507 3771 790 3822 commemorantur.
817 3758 877 3823 Set
895 3782 931 3821 ne
942 3762 1007 3841 quis
1018 3762 1074 3825 boc
1084 3766 1230 3846 postlibe·

98 3884 162 3924 ram
179 3864 294 3924 dentum
307 3863 517 3944 rempublicam
530 3861 701 3924 institutum
717 3864 830 3937 credat,
848 3884 886 3926 ue
902 3864 1231 3949 desuperiorequitleut

99 3977 232 4049 tempore
251 3965 451 4029 testimouium
476 3967 569 4029 deest.
601 3963 780 4029 Plutarchus
804 3966 882 4027 cuim
906 3965 1021 4029 Aulon.
1040 3966 1084 4029 37
1108 3969 1183 4033 baec
1197 3970 1232 4033 tle

99 4069 223 4132 Antonii
234 4069 492 4133 exerciturelert:
511 4066 642 4153 ἧσανδὲ
652 4067 831 4154 Ῥωμαίων
846 4074 914 4153 pto
930 4063 1044 4136 αὐτῶν
1060 4070 1232 4159 ἑξακιςμῦ·

100 4198 163 4259 piot
173 4176 265 4252 πεζοὶ
279 4174 334 4239 καὶ
349 4170 387 4238 τό
399 4172 1007 4258 Ῥωμαίοιςσυντεταγμένονἱππικόν
1017 4169 1162 4259 Ἰβήρων
1177 4176 1232 4243 noi

104 4279 242 4343 Κελτῶν
250 4273 378 4363 μύριοι,
389 4280 433 4343 ro]
439 4271 491 4343 vti
492 4271 603 4341 ἄλλων
612 4276 726 4342 torcio
735 4278 892 4360 ἐγένοντο
900 4292 989 4363 τρεῖς
996 4277 1160 4363 μυριάδες
1172 4279 1232 4346 σύν

100 4376 418 4464 ῑππῃῖσιμόμοῡχαὶ
431 4382 553 4465 ψιλοῖς.
580 4377 795 4442 Vutlesimulid
806 4382 995 4464 perspicitur,
1014 4383 1132 4462 equites
1141 4382 1233 4465 legio·

100 4484 186 4547 uibus
202 4484 363 4545 attributos
374 4479 478 4545 Gallos
495 4493 524 4545 ct
538 4481 688 4565 llispanos
702 4483 805 4544 luisse.
834 4480 927 4545 Leuis
944 4495 1042 4545 autem
1059 4496 1232 4547 armaturae

101 4589 217 4673 equites
226 4589 384 4673 praecipue
392 4585 541 4649 Numidas
549 4587 885 4649 luissceonseutaueum
901 4596 960 4647 cst.
985 4587 1084 4668 Atque
1102 4587 1233 4651 eosbar-

99 4694 193 4769 botos
206 4692 279 4759 tlicit
291 4690 432 4781 scriptor,
451 4688 521 4772 qnia
535 4710 553 4752 a
569 4687 651 4752 cultu
657 4684 863 4752 Romanorum
873 4691 1004 4753 maxime
1017 4684 1234 4756 abhorrebant.
