2646 5124
512 625 598 637 -—
644 586 836 655 lib-—

108 779 195 832 extra
217 764 399 831 munitiones
415 782 583 848 egressum,
608 762 888 827 embammatum
903 780 1000 843 mure,
1023 770 1061 829 ut
1074 761 1172 829 libere
1183 776 1225 849 pt·

106 869 202 934 bulari
218 878 320 955 posset
334 886 390 931 nec
405 886 503 930 munus
511 866 623 929 editum
634 864 764 931 naurbur
773 864 910 946 baberet
925 876 1113 931 commutata
1120 866 1224 933 ratittt

105 974 189 1051 belli,
214 972 352 1056 quoniam
370 968 552 1054 propositum
569 988 630 1031 uon
645 976 802 1047 tenuerat,
825 970 912 1033 iuxta
925 966 1105 1055 Pompeium
1121 968 1223 1035 numu

105 1073 216 1139 iussit'.
242 1072 300 1137 llic
316 1073 441 1157 primunr
457 1072 557 1135 uerbis
575 1079 685 1136 ‘castra
701 1072 864 1137 secundum
878 1074 984 1151 mere’,
1002 1074 1126 1139 etiamsi
1140 1086 1222 1159 pertt
1263 1044 1266 1151 l

105 1179 242 1263 suppleto
260 1173 546 1240 ‘animaduertisset’
563 1176 842 1251 remitterentur,
859 1176 1223 1241 muenatteteurnnuu
1262 1172 1266 1225 l

108 1281 208 1355 ‘eius'‚
225 1292 259 1344 ut
272 1278 407 1364 Pompeii
422 1288 523 1342 costra
539 1278 597 1341 dici
613 1278 850 1363 intellegeretur.
875 1276 938 1343 Sed
952 1288 988 1343 ut
1002 1278 1062 1343 boc
1077 1280 1222 1355 tulm.
1264 1276 1266 1339 ἶ

104 1384 137 1449 in
152 1383 299 1449 extremis
314 1392 398 1447 certe
413 1381 513 1447 uerbis
530 1381 629 1445 ‘iuxta
644 1378 819 1467 Pompeium
835 1382 951 1445 munire
965 1380 1066 1447 iussit'
1082 1380 1223 1447 teritur-

105 1497 156 1552 tur
177 1496 344 1552 castrorum
368 1486 623 1549 commemoratio.
652 1483 734 1550 Nem
757 1504 856 1569 neque
877 1484 943 1549 solo
964 1484 1120 1549 muniendi
1140 1482 1222 1551 rat·

105 1600 273 1655 nestrorum
295 1588 420 1651 munitio
443 1588 611 1665 indicatur,
640 1606 737 1672 neque
752 1607 795 1652 cx
809 1588 1017 1674 superioribus
1031 1586 1097 1653 illis
1122 1594 1223 1655 ‘cum

105 1693 268 1757 secuudum
284 1690 377 1755 mare’
394 1692 517 1775 primum
534 1690 709 1755 uocabulum
725 1692 774 1755 bic
789 1692 966 1777 intellegere
981 1690 1065 1769 licet,
1083 1708 1152 1755 cunr
1164 1688 1222 1775 (it

105 1795 194 1860 nimis
217 1795 310 1858 multa
333 1804 404 1856 suut
425 1794 599 1871 interiecta,
623 1803 684 1857 tum
708 1796 785 1878 quod
808 1794 848 1859 ibi
871 1796 948 1859 alius
962 1790 1220 1879 eustmutqueltio

104 1897 323 1982 significantur.
362 1895 447 1961 llaec
473 1896 658 1960 incommoda
687 1896 731 1961 ita
753 1897 890 1962 nonnulli
910 1896 1064 1961 declinere
1084 1882 1149 1962 'atti
1169 1890 1219 1959 riu‘

105 2011 194 2077 sunt,
220 2010 252 2063 ut
274 1999 367 2063 uerba
390 2006 507 2064 ‘castra
530 2002 693 2064 secundum
715 2018 799 2065 mare
819 2000 906 2065 iuxta
921 1996 1100 2084 Pompeium
1115 1984 1219 2063 niun

104 2103 203 2167 iussit'
227 2104 445 2186 coniungerent
470 2103 629 2187 omniaque
651 2114 682 2168 et
703 2104 777 2168 baec
799 2114 832 2169 et
845 2102 1026 2188 interposita
1041 2102 1079 2165 de
1095 2094 1219 2165 caeam

103 2204 162 2268 dici
178 2206 384 2291 opinarentur.
410 2205 524 2270 Verum
540 2224 576 2270 ea
592 2207 710 2271 ratione
725 2208 851 2292 primum
867 2216 927 2269 tam
942 2214 1085 2269 contorta
1104 2202 1220 2269 ettutu

104 2309 213 2387 oratio,
232 2309 348 2392 qualem
364 2332 451 2373 nemo
467 2311 498 2374 iu
513 2308 673 2373 scribendo
688 2310 880 2374 mediocriter
888 2319 1028 2372 uersatus
1037 2306 1216 2371 instituisset.

103 2410 182 2475 Nam
201 2414 291 2477 uerba
310 2421 504 2477 ‘cunamutata
518 2414 635 2476 ratione
651 2414 732 2490 belli,
750 2413 889 2495 quoniam
906 2411 1091 2495 propositum
1111 2429 1168 2473 uon
1182 2418 1218 2470 te·

103 2518 222 2578 nuerat’
239 2516 410 2579 necessario
426 2517 632 2600 subiungeuda
649 2528 736 2579 crant
750 2516 809 2579 illis
828 2514 1011 2597 ‘Pompeium
1029 2522 1119 2576 extra
1135 2510 1218 2574 muni·

102 2618 200 2681 tiones
217 2620 392 2703 egressum',
411 2630 441 2682 et
456 2620 523 2701 quia
541 2640 608 2683 cum
625 2621 670 2683 bis
686 2620 838 2682 sententia
855 2617 1015 2681 coniuncta
1032 2626 1121 2691 sunt,
1145 2624 1217 2678 etue

101 2722 216 2804 reliqua
233 2723 391 2785 turbarent
406 2733 494 2804 atque
511 2723 722 2787 discinderent.
747 2721 876 2799 Deinde,
894 2722 970 2803 quod
986 2719 1066 2782 illam
1081 2719 1217 2783 rationem

103 2823 190 2904 plane
207 2825 336 2900 euertit,
360 2825 451 2887 uerba
477 2834 530 2887 ‘ut
551 2827 644 2889 libere
661 2824 792 2909 pabulari
809 2833 913 2908 posset
928 2842 982 2885 uec
998 2823 1100 2885 miuus
1116 2823 1216 2885 aditum

101 2924 228 2986 nauibus
252 2925 387 2988 baberet’
408 2927 458 2988 uui
482 2929 666 2992 conueniunt
683 2924 836 3012 Pompeio.
868 2924 898 2989 ls
914 2925 992 2987 euim
1009 2924 1217 2988 munitionibus

99 3045 116 3087 a
142 3022 276 3090 Caesare
298 3029 497 3093 circumdatus
514 3050 627 3093 summa
651 3030 748 3115 pabuli
772 3029 870 3112 inopia
895 3035 957 3090 erat
982 3026 1109 3089 allectus
1134 3044 1218 3110 eaque

98 3128 165 3212 ipsa
181 3131 217 3194 de
233 3152 321 3195 causa
339 3133 511 3217 erumpendi
529 3133 684 3195 consilium
703 3142 824 3215 ceperat
839 3130 905 3208 (58,
916 3129 962 3211 t):
981 3124 1101 3192 Caesar
1112 3130 1220 3193 incluso

97 3226 243 3319 Pompeio
260 3256 355 3319 neque
372 3236 561 3321 pabulatione
576 3236 728 3318 prohiberi
746 3244 863 3318 poterat
878 3244 919 3309 et,
938 3233 963 3295 si
976 3252 1043 3295 earu
1054 3234 1220 3296 laenitatem

97 3338 231 3403 retinere
248 3340 403 3415 uoluisset,
429 3362 489 3403 nou
505 3340 591 3401 iuxta
606 3334 778 3420 Pompeium
795 3346 894 3400 castra
911 3354 1040 3421 ponere,
1066 3337 1121 3399 sed
1138 3354 1219 3420 quam

96 3438 272 3524 longissime
289 3442 442 3505 discedere
460 3440 595 3516 debebat,
614 3460 651 3503 ue
660 3437 794 3522 Pompeii
815 3440 945 3521 equritatu
961 3438 1050 3521 longe
1066 3439 1220 3521 superiore

96 3540 301 3623 impediretur.
332 3542 443 3625 Neque
466 3564 559 3605 naues
577 3540 719 3607 Caesaris
744 3541 822 3604 ullae
842 3543 969 3604 aderaut
983 3542 1112 3624 (paucas
1128 3542 1216 3619 enim,

95 3661 169 3723 quas
185 3640 269 3706 Orici
285 3654 316 3705 et
331 3642 415 3708 Lissi
431 3645 587 3723 babuerat,
605 3666 622 3708 a
638 3641 698 3707 Cn.
717 3641 859 3727 Pompeio
874 3644 935 3707 filio
951 3644 1092 3706 incensas
1108 3660 1179 3708 csse
1192 3662 1219 3707 c.

93 3740 138 3806 llll
159 3745 287 3807 relatum
311 3746 385 3829 est),
410 3757 441 3808 et
463 3746 499 3810 de
514 3745 627 3812 ltalicis
643 3747 857 3809 commeatibus
881 3746 988 3809 dudum
1005 3745 1222 3830 desperauerrt

94 3843 162 3927 (42,
180 3844 227 3930 3),
253 3845 359 3930 ltaque
375 3850 568 3932 transpositis
584 3850 681 3933 potius
699 3850 800 3912 uerbis
819 3857 931 3912 ‘castra
946 3848 1113 3911 secuudum
1130 3846 1223 3913 mare’

94 3947 168 4011 baec
183 3949 224 4012 ite
241 3950 446 4014 constituenda
464 3953 586 4014 censui:
615 3948 693 4032 ‘Qui
719 3951 838 4036 cognito
862 3951 1041 4015 detrimento
1065 3972 1136 4014 cum
1159 3951 1224 4014 ani·

93 4049 304 4115 maduertissct
314 4051 488 4137 Pompeium
505 4066 593 4118 extra
610 4055 790 4118 munitiones
807 4074 993 4136 eggressum,
1012 4063 1047 4115 ut
1062 4052 1158 4117 libere
1171 4074 1224 4137 pa·

91 4150 186 4214 bulari
212 4166 314 4237 posset
336 4176 391 4219 nec
414 4157 512 4220 miuus
533 4157 644 4220 'auditum
667 4158 794 4220 nauibus
811 4157 947 4233 baberet,
973 4165 1158 4220 commutata
1174 4176 1224 4220 ra·

92 4253 174 4316 tione
196 4254 284 4334 belli,
312 4259 448 4339 quoniam
473 4260 655 4344 propositum
679 4280 739 4322 unu
763 4270 914 4337 tenuerat,
939 4267 1041 4323 castre
1056 4257 1224 4322 secundum

91 4374 174 4417 mere
189 4357 275 4421 iuxta
290 4357 464 4444 Pompeium
480 4363 596 4425 munire
611 4362 720 4426 iussit'.

177 4455 215 4522 C.
233 4458 286 4538 ott,
304 4463 325 4525 2
340 4475 408 4525 aute
421 4461 664 4549 Oudendorpium
681 4467 724 4528 sie
740 4465 899 4529 edebatur:
919 4461 1147 4548 ‘Superioribus
1159 4461 1224 4526 die·

90 4561 145 4625 bus
161 4584 241 4626 noua
252 4561 395 4628 Caesaris
405 4565 497 4650 legio,
515 4589 581 4630 eum
598 4586 631 4629 se
648 4564 1005 4650 obiecissetPompeianis
1022 4565 1117 4649 copiis
1130 4575 1223 4647 atque

89 4685 194 4747 opere,
212 4678 243 4730 ut
258 4667 542 4746 demonstrauimus,
561 4670 815 4749 circummuniam,
840 4679 940 4732 castra
956 4689 993 4732 eo
1010 4669 1077 4731 loeo
1093 4668 1219 4751 posuit’3
