2646 5124
461 75 783 144 —219—

13 256 70 319 itus
78 250 249 317 Caesaris
268 252 312 313 iu
324 250 448 313 Africa
466 252 520 313 luit
532 252 633 315 decern
644 253 806 339 legionum,
826 256 951 338 quinque
963 268 1192 337 {ueteranorum

12 358 121 443 quiaque
139 356 329 419 tironum.
367 352 450 417 lntle
466 365 589 439 apparet
603 378 630 419 c.
648 354 703 433 lili,
721 358 769 419 ubi
787 354 862 419 ΙἸΙΙ
878 360 1011 441 legiones
1027 371 1193 426 ueteranue

12 460 140 527 :anans
157 466 506 533 commemorantur,
525 479 680 523 numerum
697 471 868 545 corruptum
876 484 956 525 esse.
982 460 1057 527 Cum
1066 466 1104 527 ad
1116 465 1192 529 duas

12 562 124 629 hatten
141 564 318 647 legiones
340 560 549 641 excipiendas
564 558 681 625 Caesar
695 564 938 647 proficisceretur
952 564 1021 644 (tiu,
1031 566 1066 649 3)
1081 566 1192 631 uerisi-

12 668 131 733 uileest
146 662 310 749 quinarii
336 662 469 726 numeri
484 672 584 725 nomm
601 664 756 729 delendam
773 688 853 731 esse.
883 665 1001 731 Deinde
1016 670 1191 751 quibusdam

14 770 79 837 lotii
90 772 225 835 uomina
246 768 436 851 legionum
453 785 515 827 non
531 778 614 829 rectu
630 780 751 831 seruata
768 781 850 833 sunt.
884 766 971 833 Duae
987 772 1121 855 legiones
1140 792 1193 835 ue·

16 882 142 951 lemnae,
159 894 254 957 quae
274 868 439 935 secundo
454 881 622 933 curiumeatu
637 871 838 949 aduenerant,
856 894 885 935 c.
899 872 954 949 34,
970 872 991 935 4
1007 876 1195 958 appellantur

20 972 90 1041 ΧΙΙΙ
102 988 133 1041 et
146 974 254 1053 xlv,
288 985 331 1039 et.
350 996 384 1035 c.
405 970 451 1035 ⁴5
467 972 509 1034 iu.
528 975 665 1037 centurio
681 972 761 1037 Xll'
777 974 903 1057 legionis
928 989 1192 1053 commemoratur,
1299 992 1302 998 ’

25 1080 70 1163 qni
82 1102 147 1143 cum
162 1074 462 1145 commilitonibus
477 1074 590 1156 aliquot
605 1077 635 1139 in
652 1078 734 1151 narii,
753 1098 829 1159 quac
845 1078 1017 1141 insecundo
1026 1090 1194 1143 commeatu

30 1182 229 1255 ulemuerat,
239 1204 261 1245 a
271 1181 394 1244 classe
406 1174 481 1239 l'uri
491 1188 523 1239 et
531 1176 574 1240 ll.
587 1176 707 1243 Octauii
718 1192 823 1263 captus
832 1191 898 1243 erat
913 1180 1018 1257 (cll,
1036 1182 1085 1251 2).
1104 1179 1192 1246 Duae

29 1294 198 1363 celerariae,
213 1304 303 1367 quae
315 1280 840 1357 tertiocornmeatutraiectaesunt,
857 1306 885 1346 c.
896 1282 938 1347 5³
952 1286 994 1348 iu.
1004 1282 1116 1348 inl'ar.
1126 1303 1189 1346 sec.

29 1398 109 1453 recte
121 1382 322 1451 dicuuturX
342 1392 380 1447 et
389 1379 481 1445 l'llll
491 1382 652 1457 (elebatur
664 1384 703 1447 ibi
713 1382 887 1465 ‘lxerlt’p
905 1388 935 1450 in
946 1384 1034 1451 leid.
1045 1408 1090 1470 pr.
1101 1386 1191 1449 aler·

31 1500 192 1567 nuncsi,
210 1490 249 1553 in
256 1510 328 1571 quo
343 1483 393 1549 ‘X
403 1482 501 1549 etxt’
517 1485 647 1569 legiturz
663 1488 770 1551 itemc.
782 1488 935 1553 {ilecdem
950 1501 1116 1553 commeatu
1133 1488 1189 1551 tri-

31 1592 138 1657 lunum
163 1592 313 1656 lucianae
338 1588 474 1675 legionis
490 1590 646 1655 traiecisse
661 1594 803 1655 refertur.
826 1588 887 1656 Sed
905 1594 1036 1657 decimae
1057 1590 1189 1677 legionis

33 1696 121 1761 miles
133 1698 200 1759 iam
208 1716 241 1757 e.
252 1692 299 1755 lli
306 1704 577 1769 commemoratur,
587 1694 770 1777 aliquantum
780 1707 938 1777 antequam
947 1696 1060 1758 decima
1069 1696 1149 1777 legio
1157 1694 1189 1757 iu

35 1801 181 1863 Africam
205 1796 408 1859 traiceretur.
439 1794 509 1859 lloc
531 1797 600 1861 imle
616 1800 726 1861 lactum
743 1809 810 1871 est,
835 1798 913 1880 quctl
929 1794 1046 1861 Caesar
1061 1798 1126 1879 ipse
1141 1814 1190 1859 se·

38 1922 108 1967 euua
130 1910 263 1987 praeter
285 1918 346 1963 sex
366 1898 504 1983 legiones
527 1911 641 1983 septem
665 1900 805 1965 cohortes
822 1912 982 1965 ueteranus
999 1900 1189 1975 traduxerat,

40 2026 116 2089 quas
131 2002 274 2088 scriptor
288 2002 361 2067 belli
377 2002 518 2065 Africani
534 2024 562 2065 c.
580 2000 632 2081 10,
649 2002 671 2065 2
686 2004 717 2066 in
733 2005 830 2067 classe
846 2025 912 2067 cum
930 2000 1067 2088 Sulpicio
1083 2011 1114 2064 et
1131 1998 1192 2063 Vu-

43 2110 115 2173 tiuio
129 2128 200 2171 rem
216 2104 362 2191 gessisse
377 2105 495 2169 scribit.
519 2104 657 2189 Vterque
672 2118 770 2169 autern
786 2108 1092 2171 classetlimicauerat
1101 2102 1191 2190 paulo

45 2222 109 2295 pust
122 2230 259 2295 pugnarn
276 2204 500 2284 Pharsalicam,
518 2204 671 2292 Sulpicius
686 2209 717 2271 in
734 2206 840 2273 Sicilia
855 2221 961 2273 contra
976 2206 1015 2273 C.
1034 2203 1189 2285 Cassium,

50 2312 154 2396 leque
169 2334 204 2377 rc
220 2308 350 2377 Caesar
365 2309 396 2373 Ι).
413 2310 473 2374 eiu.
491 2309 548 2389 ΙΙΙ,
567 2310 626 2375 101
645 2314 759 2388 retulit,
778 2311 920 2377 Vatinius
936 2314 966 2377 in
982 2310 1101 2399 Illyrico
1117 2332 1190 2376 con-

54 2414 148 2481 trall.
159 2414 345 2490 Octauium,
362 2435 437 2497 quas
452 2435 503 2478 res
512 2414 631 2479 llirtius
647 2418 785 2480 narrauit
799 2417 830 2480 lt.
841 2418 934 2481 Alex.
952 2416 994 2480 lt
1008 2440 1074 2502 sqq.
1093 2414 1189 2479 Vtro·

56 2540 101 2603 que
116 2520 185 2585 loco
202 2540 261 2583 eos
279 2516 394 2581 milites
409 2537 568 2600 aegrorum
584 2539 710 2581 numeru
726 2520 848 2583 relictos
864 2542 931 2583 esse
951 2522 1188 2595 demonstratur,

56 2642 110 2687 mm
125 2620 253 2687 (laesar
268 2631 377 2685 contra
393 2619 566 2705 Pompeium
582 2624 614 2685 iu
631 2618 792 2685 Graeciam
814 2624 1074 2704 proficisceretur:
1099 2632 1191 2704 utque

56 2744 89 2789 tx
102 2728 207 2809 aegris
224 2726 370 2787 cohortes
385 2721 540 2787 Brundisii
555 2726 649 2788 lactas
666 2744 734 2786 essc
750 2718 868 2785 Caesar
890 2725 920 2786 l.
938 2726 999 2787 ciu.
1017 2721 1082 2799 lll,
1098 2722 1154 2799 87,
1171 2720 1192 2783 l

55 2830 196 2893 usteuslit.
230 2824 284 2891 Ex
306 2828 412 2890 lrarum
435 2826 527 2911 igitur
549 2826 717 2889 cohortium
740 2846 864 2887 numero
880 2836 1012 2909 septem,
1037 2844 1112 2906 quas
1128 2822 1193 2905 ipse

55 2926 174 2995 Caesar
188 2930 279 2993 initio
294 2930 440 3007 transuit,
458 2928 497 2993 al
511 2950 564 2993 eas
579 2930 714 3011 legiones
731 2939 893 2992 ueteranus
901 2926 1095 3013 pertinuisse,
1113 2944 1191 3009 quae

54 3032 189 3097 secundo
213 3042 245 3095 et
266 3034 357 3095 tertio
372 3043 540 3097 commeatu
555 3033 752 3107 aduenerunt‚
780 3043 810 3095 et
833 3052 939 3095 rursus
961 3030 998 3093 iis
1014 3030 1190 3093 coniunctus

55 3154 121 3199 esse
135 3136 210 3200 iutle
228 3145 371 3219 apparet,
398 3136 475 3218 quod
498 3145 566 3219 post
580 3136 683 3199 harum
700 3136 859 3198 aduentum
876 3154 937 3199 non
953 3152 1189 3199 commemoran-

55 3246 112 3301 tur.
138 3234 215 3313 seu,
227 3239 307 3301 atat
323 3239 444 3301 nomina
459 3240 611 3324 legionum
628 3250 828 3316 reuertamur,
846 3234 927 3301 ctio
941 3240 972 3302 iu
986 3236 1189 3322 descriptione

54 3340 127 3405 aciei
144 3335 355 3404 Caesarianae
370 3351 454 3405 recte
468 3338 546 3406 Xlll
563 3352 595 3404 et
608 3338 688 3407 xlv
704 3343 734 3404 in
751 3342 847 3406 media
862 3342 927 3405 acie
943 3342 1105 3404 collocatae
1122 3358 1190 3403 esse

55 3442 214 3519 licuntur,
238 3443 293 3505 setl
308 3446 340 3509 iu
354 3444 479 3507 sinistro
494 3464 589 3509 cornu
603 3444 636 3507 in
650 3444 802 3507 culicibus
817 3440 865 3507 lx
880 3454 912 3507 ct
927 3442 1001 3507 Vlll
1025 3454 1187 3528 ponuntur.

55 3540 114 3609 Pru
130 3546 178 3609 lis
195 3542 469 3627 igiturXetlt'llll
485 3548 618 3623 restitui,
636 3567 759 3631 quorum
769 3546 889 3610 uoiniua
898 3558 928 3609 ct
937 3545 986 3625 iis,
1005 3568 1082 3629 quae
1099 3566 1190 3629 supra

55 3648 155 3724 retuli,
174 3648 253 3711 satis
270 3650 387 3713 {inuata
400 3660 484 3723 snut,
502 3660 533 3713 et
548 3671 576 3713 c.
589 3648 629 3713 81
646 3652 677 3712 in
693 3650 830 3713 omnibus
845 3650 931 3713 coll.
942 3651 1093 3733 leguntur.
1112 3642 1190 3711 Cum

56 3760 153 3813 autem
169 3770 200 3813 c.
218 3746 263 3813 60
277 3751 408 3834 quinque
423 3753 559 3837 legiones
582 3763 747 3817 ueterauae
769 3764 1041 3817 commemorentur
1056 3750 1188 3835 (quinta,

57 3870 131 3933 quae
146 3852 301 3939 equitibus
318 3854 466 3938 praesidio
483 3856 647 3940 praemissa
664 3864 741 3931 erat,
766 3856 1038 3933 decimanona,
1066 3854 1189 3938 quaein

58 3952 179 4019 sinistro
195 3976 310 4036 cornu,
328 3958 549 4023 tertiadecima
565 3968 594 4021 et
611 3957 862 4041 quartadecima,
879 3958 996 4042 quaein
1013 3958 1109 4021 media
1125 3956 1192 4019 acie

59 4058 224 4123 collocatae
240 4068 362 4143 erant),
388 4081 486 4145 usque
506 4062 606 4148 plures
621 4084 710 4145 quam
731 4060 861 4144 quinque.
876 4072 1037 4125 ueteranus
1053 4058 1191 4140 legiones

60 4156 226 4227 Caesarem
240 4164 274 4229 iu
289 4164 397 4231 Airicu
412 4164 551 4231 habuisse
565 4176 703 4244 mactet,
726 4174 869 4248 quattuor
890 4164 1041 4245 reliquas,
1065 4176 1191 4239 quarum
