2646 5124
528 41 597 84 cere
614 41 673 82 non
691 16 923 93 intermittebat,
950 38 1016 77 curn
1033 18 1086 77 tort

529 124 634 196 tissct,
671 119 827 201 scorpione
853 120 1022 180 accuratius
1047 118 1085 180 rui

530 243 621 285 cosso
644 231 674 283 et
697 222 731 282 ati
758 242 842 281 ccum
867 221 966 283 dciixo
987 221 1091 302 reliqui

473 324 519 393 80
528 323 624 409 pient.
665 318 734 402 Quo
749 322 830 385 tecto
846 333 952 406 postca
968 332 1039 385 sunt
1054 323 1089 385 de

528 422 650 488 interim
666 424 730 488 iere
744 424 854 488 cotidie
869 446 932 489 non
955 425 1044 509 longe
1066 445 1085 487 o

529 535 649 591 struere
671 526 765 592 eciem
789 548 824 591 oc
847 528 961 593 nioiore
976 538 1061 613 perte
1076 526 1098 590 ti.

494 628 679 714 2reeipere.
726 624 816 711 Quod
839 652 908 695 cum
931 630 1049 716 saepius
1071 631 1100 695 u

534 732 689 817 quisquam
705 733 838 817 prodiret
853 756 951 817 neque
966 734 1086 817 propius

533 836 679 919 patientia
699 831 842 899 Caesaris
864 838 1077 918 exercitusque
1099 859 1105 897 t

535 938 633 1003 tinctis
654 936 879 1022 elephantisque
901 937 1017 1003 turritis
1032 947 1108 1001 xxx

535 1039 651 1103 tissime
673 1042 771 1124 potnit
792 1051 930 1126 porrecte
953 1040 1110 1125 equitnm}

534 1162 607 1225 pore
623 1162 801 1225 progressus
818 1142 890 1205 haut
904 1143 947 1205 ita
961 1142 1050 1227 longe
1065 1165 1084 1206 a
1099 1140 1113 1206 i

475 1242 515 1313 81
532 1263 580 1329 po.
621 1239 739 1323 Quibus
754 1243 845 1306 rebus
861 1243 991 1327 cognitis
1007 1240 1115 1309 Cnestu

532 1346 630 1410 tiones
642 1355 855 1430 processerant
867 1346 1006 1431 [quique]
1019 1347 1118 1431 points

535 1448 684 1513 muniendi
701 1448 799 1535 gratia
820 1448 931 1511 nultum
949 1450 1120 1533 petierent«

535 1572 639 1619 omnes
661 1552 741 1616 intra
764 1551 945 1616 munitiones
967 1553 1122 1616 minutatin

534 1666 652 1721 terrore
675 1676 710 1721 se
731 1654 866 1739 recipere
888 1666 977 1738 atque
992 1657 1022 1719 in
1037 1676 1122 1740 opere

534 1758 584 1840 qui
606 1763 638 1822 in
653 1759 785 1823 statione
802 1760 936 1835 inerant,
962 1758 1122 1843 praecipit,

533 1860 565 1922 in
581 1882 638 1943 quo
654 1861 740 1945 paulo
764 1872 834 1924 onte
856 1862 1082 1939 constitissent,
1107 1862 1123 1923 d

532 1979 567 2023 se
582 1962 773 2043 perueniret3
799 1962 874 2043 quoti
890 1964 916 2024 si
932 1965 1053 2048 propius
1069 1984 1121 2028 aec

639 2115 656 2164 3
669 2130 752 2165 uncos
764 2130 814 2179 ego
824 2119 912 2178 posui.
929 2118 961 2166 Ι).
976 2120 1036 2170 20⁹.

532 2204 607 2255 quom
620 2188 672 2255 (a).
787 2188 957 2241 stationarii
973 2194 1045 2244 ‘mss
1057 2196 1122 2260 pter

532 2284 555 2317 c.
570 2269 596 2325 ii.
614 2268 636 2320 i.
766 2268 782 2318 8
795 2268 942 2321 inrumncce
955 2287 981 2314 n.
