2646 5124
458 611 682 702 reimaro.
708 628 907 700 meeum
1115 662 1135 699 .
1227 638 1302 711 ees

206 803 332 870 Nonius
340 826 377 890 p.
397 802 459 869 188
474 803 542 869 M:
569 802 655 870 Ciuis
672 805 814 869 feminino
829 807 906 888 apud
921 805 1085 874 Caesarem
1101 824 1132 877 el
1149 808 1245 877 Calu-

120 908 180 972 lum
197 918 228 972 et
244 905 370 971 Caluum
385 906 494 972 leolam
511 919 568 987 esi,
586 903 710 991 quorum
727 906 848 971 aeeillat
862 910 1037 972 auetorilasss

206 1008 311 1093 Caper
319 1031 357 1095 p.
367 1008 520 1074 ‘miste
544 1008 656 1073 Lutum
672 1019 761 1092 atque
776 1010 931 1075 macellum
947 1011 1141 1094 singulariter
1157 1017 1244 1081 exire

118 1122 283 1190 memento,
300 1111 373 1175 lieet
388 1109 548 1176 Memmius
563 1113 623 1177 ista
637 1112 762 1176 monella
777 1111 857 1175 dieat
871 1121 903 1175 el
919 1107 1036 1176 Caesar
1048 1113 1123 1178 lala.

228 1269 239 1319 1
251 1266 404 1335 Caesarem]
416 1268 453 1319 ad
464 1267 609 1319 Strabonis
617 1268 773 1334 tragoedias
781 1266 1011 1335 boereserendusn
1020 1270 1151 1334 opinatur
1157 1269 1246 1340 Meye-

122 1362 180 1397 rus.
294 1349 489 1414 bliremplum
500 1363 517 1397 a
531 1346 620 1398 Nonio
633 1347 771 1398 adiectum
784 1362 819 1396 ee
834 1345 922 1398 Caluo
933 1348 1053 1410 petitum
1066 1361 1123 1395 esse
1137 1346 1244 1399 Cbors's.

115 1440 147 1491 p.
162 1424 194 1476 78
206 1425 237 1476 Ρ.
252 1425 430 1476 demonstrat.
574 1425 659 1476 tilae
672 1424 726 1476 alii
736 1425 773 1475 ad
784 1425 869 1476 libras
882 1424 913 1476 de
926 1423 1057 1490 analogia
1068 1424 1246 1492 retulerunt,-

118 1500 282 1570 iieyerusin
292 1502 438 1554 Strabonis
447 1501 598 1566 tragoediis
603 1503 824 1568 positumsuisse
832 1502 930 1567 eredit,
940 1507 1031 1553 nmmo
1039 1518 1098 1567 esu,
1106 1508 1163 1554 nisi
1165 1505 1248 1570 sorte

120 1580 175 1631 luto
189 1582 347 1646 tragoediae
357 1584 534 1647 potissimum
546 1584 612 1645 apta
625 1580 769 1631 iudicauit.
788 1580 862 1634 Nutn
875 1581 1020 1632 dictatoris
1028 1584 1075 1645 sit,
1085 1597 1135 1646 ego
1143 1598 1249 1650 quoque

121 1656 224 1721 dubito,
240 1674 310 1722 eum,
325 1662 376 1723 qui
385 1659 498 1709 barenes
512 1659 611 1707 uitiosa
623 1656 680 1707 diei
691 1660 870 1708 existimauit
880 1657 891 1721 (
894 1673 923 1724 p.
934 1659 994 1722 755,
1003 1658 1040 1722 b),
1051 1672 1106 1708 non
1119 1658 1247 1711 uideatur

118 1733 174 1785 luta
186 1735 355 1800 probauisse.
373 1733 481 1787 Nonius
491 1748 522 1799 p.
536 1734 587 1785 212
599 1732 638 1784 M.
651 1748 687 1784 ee
702 1734 843 1786 ciceronio
863 1733 987 1801 epistolis
998 1735 1037 1784 ad
1046 1735 1170 1786 Hirtium
1182 1737 1250 1791 aare

114 1814 238 1880 profert:
252 1813 308 1864 iata
319 1822 347 1864 et
360 1814 448 1865 limum
462 1811 631 1878 aggerebant,
643 1816 670 1862 et
676 1815 895 1878 potsstfleri,ut
903 1813 992 1879 Caper
1001 1814 1148 1865 Caesarem
1158 1829 1250 1867 errore

120 1897 373 1944 commemorarent
380 1932 389 1957 ,
404 1895 460 1944 nisi
469 1893 550 1958 sorte
563 1892 631 1942 baee
643 1891 741 1952 uerba,
755 1907 825 1958 quae
832 1897 928 1960 patius
940 1892 1034 1956 abiis,
1049 1895 1100 1959 qui
1109 1892 1249 1947 Mutinam

119 1970 288 2029 obsidebant,
301 1975 409 2037 scripta
422 1970 562 2032 uidentur,
577 1984 614 2018 ea
626 1967 743 2034 epistola
755 1969 844 2020 Hirtii
854 1975 922 2021 sunt
933 1969 985 2033 uel,
999 1972 1027 2020 si
1035 1969 1126 2037 Capro
1138 1970 1248 2037 aliquid

118 2048 291 2098 tribuendum
297 2053 390 2112 putas,
402 2047 532 2097 Caesaris
540 2045 689 2099 Octauiani
696 2045 884 2097 Ctaeroaiassis
891 2046 929 2098 ad
932 2048 1054 2098 Hirtium
1064 2050 1247 2114 interposita.-

117 2142 180 2178 nam
189 2127 263 2192 quod
269 2127 306 2177 ad
314 2127 494 2176 Octauianum
503 2139 609 2190 quoque
619 2124 759 2175 Ciceronis
767 2125 994 2192 epistolaeerant,
1003 2129 1156 2191 quominus
1164 2142 1248 2179 ursam

118 2210 147 2256 et
157 2204 278 2254 alteram
291 2203 369 2252 illius
382 2205 410 2250 in
423 2202 554 2252 Hirtiano
567 2214 679 2265 corpore
687 2204 809 2266 positam
816 2202 910 2268 juisse
922 2203 1065 2253 credamur
1072 2240 1082 2266 ,
1096 2218 1180 2254 eausa
1192 2219 1247 2256 nan

118 2288 169 2333 est.
276 2281 322 2330 Ee
335 2283 380 2338 iis,
390 2295 460 2344 quae
473 2282 546 2328 inter
556 2277 682 2328 Caesaris
689 2279 855 2345 stagmenta
866 2281 1048 2345 ponebantur,
1058 2284 1085 2330 et
1096 2280 1155 2331 alia
1168 2296 1249 2347 quae·

119 2359 182 2408 dans
196 2357 311 2418 exclusi,
321 2355 353 2406 de
365 2357 463 2422 quibus
475 2353 564 2404 dicere
577 2368 684 2403 neeesse
695 2370 749 2405 non
761 2360 812 2418 est,
827 2360 855 2405 et
865 2356 939 2405 boae.
961 2355 1034 2421 Quae
1046 2357 1122 2422 apud
1129 2356 1248 2409 Prr‘sota·

119 2450 184 2484 num
197 2433 329 2498 leguntur
338 2450 367 2499 p.
382 2434 431 2486 719
443 2433 475 2485 Ρ.
490 2435 499 2493 i
507 2431 522 2482 1
527 2447 559 2497 p.
572 2431 623 2486 2⁷⁸
635 2431 720 2498 1ir.).·
738 2433 838 2487 Caesar
850 2434 875 2486 ia
890 2434 1076 2498 angaralibus:
1093 2435 1129 2487 ‘Si
1143 2437 1248 2489 sineere
1304 2486 1306 2491 .

120 2525 197 2576 pecus
216 2511 281 2561 eral’
295 2510 376 2561 Lorii
383 2512 512 2563 Caesaris
525 2523 580 2558 esse
592 2515 757 2574 apparator
769 2510 861 2563 eodem
867 2511 1012 2564 Priseiono
1022 2528 1051 2576 p.
1062 2509 1109 2562 791
1126 2511 1152 2576 (1
1160 2527 1189 2576 p.
1197 2511 1248 2565 388

119 2590 200 2654 Mr.).·
212 2589 244 2641 L.
258 2589 372 2642 Caesar:
389 2588 545 2654 ‘certaeque
564 2601 606 2637 ree
624 2589 794 2652 auguraalar’
812 2583 1075 2658 oioaroasonobrra03
1089 2592 1117 2638 et
1129 2588 1249 2641 eiusdem

117 2667 202 2719 Lucii
209 2667 336 2718 Caesaris
348 2683 413 2729 esse,
424 2681 494 2730 quae
503 2662 659 2714 Macrobius
669 2666 781 2732 profert
788 2666 848 2717 Sat.
859 2666 881 2728 l,
895 2666 943 2717 ib:
959 2664 1039 2728 balias
1047 2664 1149 2716 Caesar
1161 2674 1249 2718 sexto-

93 2746 98 2772 '
119 2747 218 2797 decima
232 2746 408 2812 auspiciorum
421 2744 488 2794 libro
499 2754 577 2810 neget
586 2746 706 2799 nundinis
715 2745 863 2796 eontioaem
873 2742 996 2793 aduocari
1005 2758 1093 2809 passe,
1103 2743 1129 2793 id
1138 2750 1181 2794 est
1189 2758 1247 2807 eam

117 2825 211 2893 populo
230 2827 289 2889 agi,
307 2827 417 2891 ideoque
439 2825 562 2876 nundinis
574 2826 747 2878 Romanorum
760 2822 853 2873 baberi
866 2821 970 2872 aemilia
986 2836 1034 2871 oon
1047 2836 1134 2887 posse,
1148 2820 1247 2872 Festus

117 2902 240 2955 ostendit
249 2920 278 2968 p.
289 2904 347 2963 ibi,
363 2902 395 2954 30
409 2900 511 2953 bibra.-
530 2901 655 2955 Maiorem
668 2901 801 2954 aonsulem
815 2899 847 2953 L.
856 2898 956 2951 Caesar
968 2906 1044 2967 patet
1057 2900 1109 2951 diei
1123 2900 1166 2952 aei
1179 2915 1246 2964 eam,

116 2993 196 3044 peaes
210 2994 283 3046 quem
297 2970 389 3030 iasees'
398 2978 513 3042 simmei
525 2995 594 3044 eum,
604 2980 647 3046 qai
661 2979 732 3046 prior
745 2976 830 3027 iactae
843 2975 893 3039 eit;
904 2982 1050 3041 praetorem
1065 2985 1150 3027 aulem
1165 2979 1246 3029 maio·

116 3071 169 3106 rem
183 3057 319 3119 urbanum,
329 3058 443 3107 minores
455 3065 567 3108 aeterne.
582 3057 687 3110 Neuter
698 3060 789 3107 autem
802 3054 873 3105 liber
884 3053 1040 3105 aSuetonio
1053 3071 1246 3109 commemora·

118 3140 172 3200 tur,
187 3152 275 3201 quern,
290 3151 351 3186 eum
363 3134 574 3200 diligentissime
586 3137 619 3189 de
629 3137 757 3188 Caesaris
768 3136 882 3198 seriptis
894 3132 1008 3197 referat,
1019 3138 1061 3183 tot
1073 3134 1245 3186 uoluminum

116 3219 281 3266 mentionem
294 3216 418 3274 omisisse
431 3213 591 3265 incredibile
603 3219 659 3264 est:
673 3227 735 3263 nam
748 3209 821 3276 quod
829 3210 929 3260 librum
941 3209 973 3258 de
983 3210 1062 3260 aelrie
1070 3226 1123 3260 non
1132 3227 1245 3262 eamme·

115 3295 251 3356 manauit,
265 3291 377 3343 uidetur
388 3292 412 3340 is
425 3291 491 3338 itam
504 3293 537 3339 ut
550 3289 703 3342 Ptolemaei
712 3286 744 3337 de
757 3288 928 3351 apparentiis
941 3289 1050 3350 atquae
1061 3286 1177 3336 Ioannes
1190 3287 1245 3356 ay-

119 3368 169 3419 dus
182 3370 214 3420 de
226 3373 328 3420 astent.
338 3383 369 3434 p.
383 3367 434 3419 857
446 3363 532 3417 bell.
545 3383 576 3417 se
588 3382 624 3417 eoe
638 3364 736 3417 Clodio
752 3361 837 3413 Tusco
849 3364 967 3412 uertisse
978 3364 1197 3426 offirmatsastis
1208 3368 1245 3416 si·

116 3446 296 3511 milissuisse.
306 3446 430 3510 Ineptum
436 3446 605 3508 epigramma
613 3440 702 3492 Threx
709 3456 774 3507 puer
781 3440 890 3489 astricto
899 3438 1004 3502 (Barna.
1015 3439 1122 3489 antbol,
1131 3439 1244 3504 umet>

120 3526 239 3577 Caesare
251 3525 396 3589 indignum
410 3522 541 3574 indicaui.
562 3522 636 3588 Quae
649 3536 713 3572 uero
726 3520 800 3586 apud
812 3520 889 3569 Seru.
899 3519 936 3569 ad
948 3518 1030 3584 Verg.
1042 3521 1109 3569 Aea.
1119 3521 1141 3582 1,
1150 3521 1201 3573 267
1214 3525 1243 3571 ia

116 3601 252 3654 Fuldenss'
262 3603 352 3653 codiee
366 3599 511 3666 leguntur.-
535 3598 630 3650 Oeaisa
644 3597 775 3649 Mezentio
788 3596 946 3659 Ascanium,
966 3596 1035 3646 sicut
1049 3595 1130 3647 lulius
1145 3596 1244 3648 Caesar

116 3679 217 3741 eeribit,
228 3679 311 3730 laium
324 3685 443 3746 coeptam
455 3677 545 3728 aaaari
558 3678 601 3730 uei
614 3676 689 3743 quasi
704 3668 814 3743 ἰοβόλον
827 3675 852 3724 id
866 3681 908 3725 est
921 3675 1063 3739 sagittandi
1077 3677 1186 3742 peritam
1200 3678 1244 3728 ael

114 3772 130 3808 a
143 3759 225 3825 prima
238 3758 335 3809 barbae
348 3755 563 3820 lanugine,qasm
572 3748 764 3804 laalodGraeei
774 3753 872 3813 dicant,
881 3766 946 3817 quae
955 3752 979 3802 ei
988 3759 1104 3819 tempore
1113 3755 1242 3806 uictoriae

115 3835 280 3898 nascebatur,
290 3835 357 3884 baea
369 3834 435 3897 quin
445 3829 738 3896 impudentereonfleta
747 3833 814 3892 sint,
823 3845 874 3880 non
884 3827 989 3895 dubita,
999 3846 1052 3881 non
1061 3834 1152 3882 minus
1160 3848 1242 3897 quam

115 3912 165 3962 illa
175 3911 208 3962 de
220 3908 436 3975 ephemeridibus
448 3907 487 3974 (p.
503 3907 529 3972 b)
541 3911 592 3956 aut
603 3905 676 3972 quod
687 3912 785 3958 auetar
798 3906 865 3958 libri
876 3907 909 3956 da
923 3911 1031 3972 origine
1041 3912 1134 3974 gentis
1146 3907 1243 3959 Itoma-

114 4005 166 4041 nae
180 3989 305 4055 pluribus
318 3988 385 4038 loeis
398 4001 458 4036 eam
470 3984 591 4036 aliarsern
603 3988 661 4034 tum
675 3984 800 4036 Caesaris
813 3988 968 4034 testimonio
981 3988 1088 4044 utitur,
1102 3987 1159 4034 nisi
1168 3984 1243 4047 quad

114 4070 182 4119 baee
193 4066 337 4132 aliquanto
348 4067 502 4116 reeentiora
516 4061 655 4113 uidentem.

129 4770 223 4828 Caesar,
232 4769 269 4815 ed.
279 4768 388 4830 Nippeei.
