2646 5124
367 616 510 686 cotttt.
533 616 597 685 llll
617 616 882 687 (11112244.
1183 626 1246 695 311

10 769 17 849 l
68 784 146 875 titio,
163 795 242 879 quod
258 792 334 857 satis
349 812 418 857 esse
434 792 649 873 arbitrabatur,
666 803 783 877 portum
801 804 905 858 tenere
920 795 1019 858 iussit.
1043 794 1101 858 llis
1113 818 1187 861 cou-
1200 798 1245 871 Β

73 898 170 963 ttitutis
191 897 286 963 rebus
306 906 414 959 nactus
434 895 573 959 idoneam
597 896 635 959 ad
655 896 858 979 nauigandum
875 907 1081 981 tempestatem
1096 900 1188 967 tertia

71 996 123 1067 lere
135 1000 241 1087 uigilia
256 998 349 1064 soluit
371 999 546 1085 equitesque
560 1000 592 1061 in
608 998 782 1062 ulteriorem
801 1011 917 1083 portum
934 1001 1072 1086 progredi
1087 1012 1119 1065 et
1133 1023 1188 1066 uu-

70 1123 111 1171 ttn
124 1106 336 1169 cnuseenderc
352 1112 383 1165 ct
397 1121 432 1164 sc
446 1101 533 1184 sequi
548 1100 649 1165 iussit.
696 1101 725 1163 Α
742 1101 848 1184 quibus
871 1124 936 1165 cum
961 1104 1050 1188 paulo
1072 1105 1187 1170 tardius
1201 1106 1224 1171 2

43 1212 140 1273 tesset
152 1207 413 1282 administratum,
428 1204 495 1288 ipse
511 1203 586 1267 bora
601 1204 725 1268 circiter
738 1205 797 1267 diei
813 1216 1001 1287 quantacun
1018 1207 1121 1288 primis
1135 1229 1189 1272 na·

63 1310 141 1375 ultus
162 1306 359 1373 Britanniam
381 1306 482 1390 attigit
502 1317 593 1390 atque
615 1306 655 1370 ibi
678 1307 708 1369 iu
731 1307 869 1370 omnibns
891 1308 1017 1372 collibus
1032 1311 1189 1393 expositas

59 1410 183 1477 bostium
200 1410 306 1495 copias
322 1420 455 1474 armatus
470 1409 642 1491 conspexit.
690 1405 786 1472 Cuius
813 1410 870 1473 loci
895 1412 969 1474 baec
985 1422 1051 1475 erat
1066 1422 1187 1493 natura,
1204 1412 1225 1477 3

58 1526 146 1599 utque
159 1516 204 1579 itu
220 1513 373 1578 montibus
388 1511 525 1595 augustis
541 1532 624 1575 mare
639 1512 867 1589 continebatur,
894 1514 938 1576 uti
954 1534 996 1576 ex
1010 1514 1085 1579 locis
1101 1536 1189 1599 supe·

55 1618 188 1681 rioribus
203 1616 236 1680 iu
252 1616 326 1679 litus
342 1614 434 1679 telum
449 1614 529 1697 adigi
544 1624 658 1699 posset.
691 1613 781 1677 llunc
796 1615 833 1678 ad
849 1616 1060 1697 egrediendum
1077 1619 1226 1700 nequa-d

13 1726 40 1783 lb
57 1738 147 1803 quam
161 1719 304 1784 idoneum
320 1718 419 1782 locum
434 1717 619 1795 arbitratus,
643 1717 711 1780 dum
732 1717 866 1799 reliquae
881 1738 976 1781 naues
991 1740 1029 1782 eo
1045 1720 1189 1784 conueni-

56 1830 142 1899 rent,
157 1821 195 1887 ad
209 1821 316 1885 buram
331 1841 442 1884 nouam
457 1820 489 1882 iu
504 1819 626 1882 ancoris
640 1820 825 1903 expectauit.
867 1818 994 1885 lntem'm
1010 1822 1118 1906 legatis
1134 1824 1188 1887 tri·
1203 1820 1224 1889 5

56 1921 207 2007 buuisque
227 1924 358 1987 militum
382 1922 558 1985 conuocatis
579 1932 612 1985 et
631 1942 708 2003 quae
723 1943 764 1985 ex
779 1920 935 1986 Voluseno
950 1938 1131 2009 cognosset,
1156 1938 1189 1993 et

55 2044 132 2109 quae
146 2026 213 2089 lieri
228 2025 334 2103 uellet,
352 2026 484 2089 ostendit
498 2024 685 2107 monuitque,
703 2034 737 2087 ut
751 2024 796 2087 rei
812 2026 948 2089 militaris
965 2029 1062 2107 ratio,
1087 2029 1186 2094 maxi-

55 2148 104 2191 mo
118 2138 156 2191 ut
169 2128 349 2192 maritumae
365 2149 415 2192 res
431 2127 638 2213 postularent,
664 2137 697 2190 nt
718 2148 793 2209 quae
809 2130 939 2193 celerem
954 2142 1043 2213 atque
1058 2132 1186 2195 instabi-

10 2236 36 2293 lt
55 2228 119 2295 leur
134 2240 250 2294 notum
263 2230 419 2308 baberent,
436 2232 592 2294 adnutum
609 2240 640 2293 ct
654 2230 691 2293 ad
708 2240 823 2314 tempus
839 2252 944 2295 omnes
962 2253 1012 2295 res
1029 2233 1065 2296 ab
1080 2234 1118 2297 iis
1133 2235 1186 2297 ad-

57 2332 319 2397 ministrarentur.
360 2332 419 2398 llis
442 2334 574 2398 dimissis
597 2345 628 2397 et
650 2344 772 2396 uentum
795 2343 825 2397 et
845 2346 962 2397 aestum
977 2355 1037 2397 uno
1053 2338 1223 2420 temporeli

57 2444 172 2498 nactus
187 2434 345 2499 secuudum
359 2436 429 2500 dato
444 2438 533 2521 siguo
555 2449 586 2501 et
607 2435 735 2501 sublatis
750 2437 870 2499 ancoris
886 2436 1009 2499 circiter
1023 2438 1104 2501 milia
1118 2458 1187 2521 pas-

56 2556 144 2601 suum
167 2548 284 2621 septem
305 2537 342 2605 ab
363 2560 400 2605 ec
422 2539 490 2604 loco
513 2560 692 2625 progressus
714 2550 818 2624 aperto
833 2561 869 2603 ac
884 2541 972 2623 plano
989 2540 1077 2604 litore
1093 2562 1187 2605 naues

59 2640 228 2705 coustituit.
274 2640 318 2706 At
341 2642 462 2707 barbari
485 2644 612 2707 consilio
632 2642 841 2707 Romanorum
866 2642 988 2727 cognito
1017 2645 1184 2727 praemisso
1198 2644 1245 2715 24

15 2744 42 2801 tt
57 2742 192 2825 equitatu
207 2754 239 2808 et
253 2744 435 2823 essedariis,
461 2766 518 2829 quo
539 2747 712 2832 plerumque
735 2766 847 2829 genere
869 2746 899 2807 iu
917 2746 1039 2830 proeliis
1055 2749 1097 2811 uti
1113 2770 1187 2813 cou-

60 2857 203 2923 sueruut‚
220 2847 350 2931 reliquis
364 2849 457 2933 copiis
478 2848 631 2913 subsecuti
648 2860 768 2912 nostros
785 2848 913 2912 rrunibus
928 2850 1031 2933 egredi
1047 2854 1186 2937 probibe-

59 2946 140 3011 bant.
188 2946 268 3013 Erat
282 2950 321 3014 ob
338 2951 392 3014 bas
407 2972 516 3015 causas
532 2973 645 3015 summa
661 2951 837 3028 difficultas,
860 2953 937 3035 quod
953 2974 1046 3017 naues
1063 2968 1185 3043 propter
1199 2958 1222 3023 2

60 3053 295 3137 magnitudinem
312 3054 370 3117 uisi
385 3055 416 3117 in
432 3054 492 3118 alto
508 3055 651 3119 constitui
668 3075 727 3118 non
743 3066 899 3139 poterant,
924 3056 1069 3123 militibus
1085 3074 1185 3125 autem

59 3152 168 3237 ignotis
184 3154 281 3233 locis,
305 3156 456 3241 impeditis
477 3159 613 3221 manibus
637 3178 744 3240 magno
768 3168 799 3219 et
819 3160 906 3240 graui
928 3181 1020 3225 onere
1035 3183 1186 3225 armorum

24 3256 46 3311 ll
61 3257 212 3342 oppressis
228 3258 320 3323 simul
335 3270 365 3324 et
380 3261 417 3324 dc
432 3261 560 3325 nauibus
576 3259 810 3324 desiliendumct
825 3260 856 3321 in
867 3262 1005 3324 [luctibus
1017 3264 1186 3327 consisten-

167 3463 292 3529 duiqiliu
305 3480 387 3518 naues
400 3468 481 3520 soluit
487 3469 522 3536 J,
537 3468 629 3533 uigilia
643 3467 728 3517 noetis
741 3482 823 3517 naues
837 3466 918 3516 soluit
931 3467 954 3517 b.
1085 3470 1187 3535 equites

62 3540 165 3604 quosiu
179 3540 417 3607 aequisonae.
522 3546 642 3612 progredi
657 3560 788 3610 truoesque
803 3544 828 3595 b.
941 3544 1028 3596 lcum
1041 3546 1118 3612 puuln
1131 3548 1188 3600 AB

60 3618 165 3686 dues,
180 3636 238 3671 curu
252 3621 278 3671 id
290 3622 369 3688 puulo
383 3625 428 3675 ba.
553 3627 567 3675 b
581 3627 644 3676 boru
658 3624 765 3673 circiter
777 3624 829 3673 diei
842 3629 936 3690 quartu
948 3623 975 3673 A
981 3623 1005 3671 ll
1013 3623 1037 3673 Ε
1046 3623 1107 3675 edd.
1121 3632 1187 3678 unte

62 3708 92 3758 rt,
104 3696 172 3749 loru
184 3696 238 3749 diei
251 3700 360 3751 circiter
371 3704 526 3769 quartusu.
614 3703 785 3755 dllritaniam
800 3703 831 3752 ll.
925 3702 1184 3759 lurmutusom.nr.

59 3787 102 3837 pr.
114 3774 141 3826 b.
252 3784 311 3827 erut
322 3793 375 3828 om.
389 3795 426 3829 nr.
437 3793 483 3845 pr.
499 3780 525 3830 b.
653 3781 670 3832 8
683 3788 761 3846 utque
775 3781 813 3829 ita
825 3781 851 3830 A
858 3780 881 3829 11
891 3780 912 3830 C
919 3780 997 3829 Ilb'c
1004 3797 1014 3841 ,·
1028 3781 1093 3832 udeo
1106 3783 1185 3848 bed,

64 3848 204 3917 adeueus.
313 3855 615 3921 moutiumungustiiss.
739 3859 804 3922 uts.
927 3855 1189 3920 nadigtAnt'nts

64 3925 166 3993 abes,
181 3928 264 3977 adiici
278 3928 347 3989 (⁴uel
358 3932 449 3998 udici')
466 3934 570 3999 ‘sonan
585 3933 612 3981 c'
623 3948 651 3983 u.
774 3936 842 3983 bunc
855 3933 1054 3998 adgrediendum
1068 3936 1101 3999 d,
1117 3937 1185 3989 bunc

65 4004 233 4071 utpntteott
249 4006 275 4057 b.
410 4026 571 4077 nequaquam
585 4012 705 4062 idoneum
719 4012 802 4063 locunt
815 4013 958 4062 arbitratus
971 4014 1136 4075 Attc·1)e‘,·
1149 4017 1187 4067 lu·

67 4095 117 4133 ιιι
129 4098 247 4151 aequuq.
261 4085 333 4136 idon.
348 4086 404 4137 arb.
411 4088 472 4153 set
482 4092 582 4139 omisso
594 4089 714 4139 idoneum
728 4090 761 4153 b,
776 4104 887 4155 uequnq.
902 4090 973 4139 idon.
986 4092 1043 4139 urb.
1058 4092 1144 4143 locum
1156 4108 1184 4143 u.

168 4162 200 4213 ll
217 4163 324 4214 ancoris
337 4164 360 4214 Il
368 4202 377 4227 ,
392 4166 514 4216 oucboris
527 4181 556 4217 u.
678 4167 840 4231 (expectauit
852 4168 888 4225 B)
900 4168 1030 4232 spectauit
1041 4169 1076 4219 1).

71 4234 99 4287 ¹2
107 4246 250 4303 cognosset
260 4240 286 4291 B
299 4240 493 4306 ‘uetustior-ed,
509 4242 675 4307 coercuisset
687 4258 701 4291 o
713 4246 740 4291 et
750 4258 804 4292 sec.
818 4258 853 4293 m.
866 4243 901 4293 B.
1019 4245 1050 4296 13
1063 4248 1188 4297 munime-

71 4328 112 4377 qoe
122 4326 152 4369 ut
164 4318 240 4369 bed.
382 4319 414 4371 ll
426 4322 580 4371 maritumae
595 4320 683 4385 ΑΨ).
805 4328 835 4371 ut
847 4335 914 4387 quae
926 4319 1055 4386 Lipsius,
1070 4332 1099 4374 ut
1111 4338 1186 4390 quum

74 4392 140 4445 cedd.
266 4396 298 4448 ts
311 4393 345 4446 ub
357 4394 392 4445 tis
404 4395 487 4463 .l(B)
496 4400 534 4461 ι’,
550 4399 581 4448 ub
595 4398 635 4448 bis
647 4398 704 4463 Es.
829 4400 861 4451 lb
874 4404 902 4449 ct
914 4406 1039 4449 uestutem
1054 4400 1079 4449 b.

77 4468 101 4521 ll
111 4472 262 4541 secuudum]
275 4474 355 4526 simul
368 4476 394 4528 b.
499 4477 603 4529 uueoris
615 4478 641 4528 Α
646 4479 670 4528 Β
677 4515 686 4542 ,
701 4478 822 4529 uncboris
835 4494 863 4528 u.
974 4477 1044 4529 mille
1057 4494 1151 4544 prosus
1164 4492 1186 4525 e.

172 4552 205 4605 18
217 4560 309 4621 operm
322 4570 376 4605 une.
390 4555 448 4607 AB
456 4556 479 4607 θ
493 4556 519 4609 ‘8
531 4556 609 4608 alii'.
757 4557 792 4610 21
805 4572 884 4608 onore
897 4571 1026 4607 armorum
1039 4571 1076 4605 an.
1085 4570 1132 4619 pr·
1148 4553 1187 4611 82·

80 4638 191 4684 ttuoruru
203 4648 284 4685 unere
297 4649 359 4685 oum
371 4650 426 4685 uno
440 4635 490 4686 bu.
596 4637 629 4691 25
642 4636 776 4704 cupressis
788 4650 825 4687 m.
837 4650 883 4701 pr.
898 4635 921 4685 t!
928 4670 937 4697 ,
952 4634 1052 4701 pressis
1065 4631 1113 4696 os.

83 4706 150 4774 etta]
162 4718 189 4761 et
200 4726 277 4778 uec,
291 4714 346 4780 es,
361 4718 390 4765 et
401 4727 460 4763 cum
472 4713 495 4763 b.
