2646 5124
1198 368 1208 386 ἱ

519 597 801 662 ...4-

94 795 132 839 es
146 776 184 838 de
199 793 310 850 causa,
333 771 411 856 qnod
425 769 587 855 Pompeius
608 781 639 833 et
653 767 809 833 Labienus
826 788 972 850 nusquam
989 790 1055 833 cnm
1072 779 1230 834 contume-

92 877 146 956 lia,
164 878 219 941 sed
235 887 266 940 et
280 877 328 940 bic
343 896 432 958 saepe
449 885 479 938 et
494 875 545 937 ille
559 869 622 949 Vl,
641 871 671 949 l,
689 871 711 934 t
726 881 757 934 et
772 868 848 948 Vll,
866 868 904 950 6,
924 871 939 934 1
959 894 1027 935 oum
1044 873 1158 937 bonore
1172 894 1229 957 sp·

93 979 245 1064 pellantur
266 980 382 1061 <neque
407 977 485 1040 enim
505 976 578 1040 illud
599 975 687 1040 etiam
711 984 778 1057 post
793 973 911 1037 ciuilem
929 976 1147 1039 dissensionem
1164 975 1226 1039 nisi

92 1080 131 1145 ab
154 1081 273 1143 bomine
300 1080 397 1164 pusilli
429 1079 542 1162 ingenii
570 1098 667 1160 neque
692 1077 849 1139 admodum
872 1077 1081 1161 circumspecti
1113 1079 1225 1141 iactum

94 1184 217 1265 esset),
235 1184 288 1246 sed
304 1183 381 1265 quod
397 1179 514 1245 Caesar
529 1201 578 1244 res
595 1180 709 1243 duobus
726 1179 836 1242 ultimis
852 1180 939 1243 arinis
955 1181 986 1242 in
1003 1177 1103 1244 Gabia
1118 1190 1223 1263 gestas

94 1307 192 1368 neque
209 1287 385 1370 perscripsit
401 1306 495 1368 neque
511 1295 609 1346 tamen
626 1304 659 1346 se
676 1281 807 1343 noluisse
824 1281 908 1365 plura
923 1282 1056 1346 scribere
1068 1282 1224 1365 significa-

93 1389 150 1452 uit.
189 1386 271 1451 Nam
295 1389 320 1451 si
343 1399 411 1472 post
434 1387 650 1450 dissensionem
675 1384 793 1446 ciuilem
810 1383 864 1446 bos
881 1384 973 1448 libros
989 1385 1220 1469 composuisset,

92 1490 174 1554 nulla
190 1512 280 1554 causa
301 1501 383 1567 erat,
408 1510 461 1552 eur
483 1489 564 1572 prius
587 1489 623 1550 de
644 1486 726 1548 ciuili
746 1487 824 1549 bello
840 1488 974 1551 scribere
989 1489 1220 1571 aggrederetur,

92 1614 179 1676 quam
195 1594 263 1657 illos
279 1594 316 1656 ad
331 1593 419 1654 tinem
436 1590 639 1674 perduxisset.
679 1587 766 1651 Hane
787 1610 850 1652 rem
867 1586 1070 1654 Selrneiderus
1085 1591 1152 1652 ideo
1166 1609 1222 1652 ac·

92 1695 202 1758 cidisse
217 1705 313 1777 putat,
332 1696 408 1776 quod
424 1695 453 1756 bi
469 1691 674 1755 commentarii
690 1692 747 1753 iam
765 1693 965 1777 prioreparte
989 1693 1059 1756 anui
1081 1691 1121 1754 bt
1146 1691 1221 1755 editi

92 1805 208 1872 essent,
225 1795 313 1878 idque
329 1818 348 1860 a
363 1792 498 1859 Caesare
514 1797 622 1859 iactum
640 1795 806 1873 existimat,
825 1796 893 1877 quia
905 1794 951 1859 Μ.
965 1794 1130 1861 Marcellus
1146 1815 1220 1857 oon-

92 1899 140 1962 sul
156 1908 217 1961 tum
234 1899 364 1960 maxime
384 1898 590 1974 incubuisset,
614 1907 646 1959 nt
661 1891 788 1961 Caesari
804 1899 1036 1962 succedereturz
1060 1898 1089 1962 ei
1104 1892 1221 1961 Caesa-

92 2021 157 2065 rem
172 2001 227 2063 bos
243 2000 337 2064 libros
354 2001 440 2084 quasi
455 2001 596 2078 quosdam
613 2001 818 2077 uerecundos,
837 2002 890 2063 sed
907 2002 1027 2064 eosdem
1043 2000 1221 2064 luculentis-

93 2102 187 2166 simos
203 2104 376 2167 meritorum
392 2124 512 2168 suorum
525 2113 619 2187 testes
631 2103 817 2186 opposuisse.
844 2099 931 2184 Quae
947 2102 1018 2166 mibi
1034 2123 1124 2166 causa
1136 2102 1220 2166 nulla

92 2204 223 2269 uidetur.
254 2203 335 2269 Nam
351 2206 399 2288 qui
415 2226 466 2269 ros
482 2207 547 2269 eius
563 2205 746 2269 extollerent
760 2215 792 2268 et
807 2205 837 2267 in
853 2215 960 2268 senatu
982 2215 1013 2268 et
1035 2204 1110 2288 apud
1127 2225 1220 2289 popu·

91 2308 163 2383 lum,
180 2305 297 2371 Romae
312 2309 413 2372 idonei
427 2309 562 2372 homines
578 2304 705 2372 Caesari
720 2310 826 2373 deesse
843 2329 902 2370 non
919 2317 1074 2392 poterant,
1092 2328 1219 2390 quorum

92 2410 190 2473 oratio
207 2422 237 2474 et
251 2411 288 2473 ad
303 2411 405 2494 plures
420 2411 616 2494 perueniebat
637 2434 723 2495 quarn
748 2412 776 2475 bi
799 2410 867 2475 libri
884 2431 980 2493 neque
996 2410 1055 2474 ulla
1071 2430 1220 2473 uerecun-

93 2512 140 2576 dia
155 2513 381 2597 impediebatur.
421 2513 569 2589 Accedit,
592 2516 670 2596 quod
693 2510 809 2578 Caesar
831 2514 900 2578 inde
922 2515 958 2577 ab
981 2513 1067 2577 initio
1089 2513 1159 2576 anni
1175 2511 1219 2575 52

91 2636 186 2699 usque
201 2615 239 2679 ad
254 2637 364 2679 annum
381 2613 423 2679 50
438 2616 469 2677 in
486 2612 586 2678 Gallia
601 2616 745 2680 ulteriore
761 2614 1010 2701 occupatissimus
1027 2616 1099 2693 init,
1123 2615 1165 2678 ita
1183 2625 1219 2678 ιιι

92 2738 130 2782 ne
146 2718 302 2782 hibernum
319 2716 435 2801 quidem
452 2729 568 2800 tempus
585 2720 764 2783 acontinuis
779 2719 865 2783 bellis
881 2718 1142 2783 intermitteretur.
1174 2716 1220 2781 At

91 2844 188 2886 annus
204 2821 264 2900 50,
290 2821 418 2905 qui'luit
437 2830 625 2905 postremus,
651 2843 708 2904 quo
732 2818 850 2886 Caesar
869 2821 1053 2905 prouinciam
1075 2821 1215 2899 obtinuit,

93 2934 197 3009 pacata
212 2934 275 2987 tota
291 2922 390 2987 Gallia
410 2923 447 2986 ab
470 2924 551 2986 omui
575 2934 655 2987 motu
679 2925 810 2988 uacauit.
841 2922 948 3006 ltaque
961 2923 1218 3009 appropinquante

91 3027 238 3105 decessu,
264 3049 331 3090 cum
354 3047 450 3108 neque
475 3026 629 3109 quicquam
646 3029 752 3092 seiam
769 3029 800 3091 in
816 3025 914 3091 Gallia
930 3037 1083 3110 gesturum
1100 3026 1219 3088 uideret

91 3140 122 3193 et
136 3150 281 3193 summum
298 3128 390 3192 otium
407 3139 513 3192 nactus
530 3142 622 3208 esset,
641 3152 701 3194 non
717 3141 816 3215 potest
831 3131 972 3208 dubitari,
990 3130 1062 3212 quin
1073 3129 1129 3192 boo
1140 3138 1219 3191 tern-

90 3252 145 3316 pus
161 3226 287 3296 Csesari
304 3231 435 3295 maxime
450 3232 589 3297 idoneum
605 3233 701 3297 uisum
718 3234 775 3310 sit,
801 3254 859 3316 qno
875 3254 925 3296 res
941 3234 972 3296 in
988 3232 1142 3316 prouincia
1165 3252 1218 3314 ge·

91 3344 154 3399 stas
170 3336 382 3419 perscriberet.
404 3332 507 3417 Atque
523 3334 587 3398 eins
603 3336 660 3412 rei,
678 3357 765 3419 qnam
781 3337 868 3419 paulo
885 3346 954 3398 ante
970 3334 1215 3411 commemoraui,

91 3438 170 3518 quod
185 3439 310 3501 duorum
326 3437 498 3501 ultimorum
513 3457 660 3500 annorum
676 3459 727 3501 res
742 3459 759 3500 a
777 3434 912 3502 Caesare
928 3438 1042 3501 relatae
1057 3456 1117 3499 non
1131 3445 1215 3514 sunt,

90 3537 132 3600 ita
156 3537 226 3599 mibi
247 3540 369 3601 uidetur
389 3538 541 3621 aptissime
564 3539 641 3601 ratio
664 3540 766 3617 reddi,
791 3551 823 3603 ut
843 3561 909 3604 enm
933 3541 1014 3604 ciuili
1036 3537 1216 3604 tumultuin

91 3638 250 3702 scribendo
266 3641 500 3722 interpellatum,
518 3661 585 3703 cum
601 3641 658 3704 sibi
674 3642 711 3705 ob
729 3643 793 3705 eius
809 3643 879 3707 belli
895 3644 1107 3728 occupationes
1124 3642 1217 3704 otium

92 3761 153 3804 non
169 3744 233 3805 lore
249 3742 456 3825 intellegeret,
480 3742 686 3825 imperfectum
710 3764 785 3826 opus
804 3745 925 3809 interim
949 3746 1078 3810 edidisse
1102 3755 1216 3808 statua-

90 3865 169 3917 mus,
187 3845 365 3928 praesertim
380 3845 429 3907 cui
445 3865 500 3907 nee
516 3846 608 3907 multa
624 3866 682 3908 nec
693 3847 792 3930 magni
805 3849 946 3911 momenti
959 3849 1116 3926 deessent,
1135 3856 1216 3930 post-

92 3966 179 4028 quam
195 3957 293 4009 antem
309 3969 415 4010 rursus
431 3948 523 4010 otium
539 3948 732 4031 suppetebat,
757 3950 840 4033 prius
855 3972 904 4014 res
921 3950 1096 4014 ciuilibello
1112 3959 1216 4032 gestas

91 4050 311 4131 componendas
327 4051 539 4129 constituisse,
566 4072 643 4134 quae
665 4062 696 4115 et
717 4054 806 4137 louge
828 4053 957 4117 maiores
980 4062 1084 4117 essent
1099 4061 1130 4114 et
1145 4071 1217 4114 acu·

92 4150 170 4213 tiore
186 4152 256 4214 stilo
272 4153 460 4216 scribendae.
489 4149 730 4218 Commentarios
747 4156 887 4239 igiturde
907 4157 986 4220 bello
1006 4152 1123 4219 Gallico
1146 4174 1217 4237 pro·

92 4252 175 4315 ximo
188 4264 259 4317 ante
275 4253 383 4317 bellum
399 4256 486 4319 ciuile
503 4267 637 4342 tempore
653 4258 781 4342 scriptos
798 4269 829 4322 et
842 4259 928 4322 initio
944 4260 1009 4323 eius
1024 4257 1095 4321 belli
1110 4257 1217 4339 uulga-

91 4364 140 4418 tos
162 4376 230 4420 esse
254 4357 406 4419 existimo.
453 4355 540 4421 Libri
560 4370 659 4422 antem
682 4360 718 4423 de
739 4361 819 4424 bello
840 4361 922 4425 ciuili
945 4372 1027 4426 certe
1051 4381 1111 4424 non
1132 4358 1216 4442 prius

92 4456 164 4520 editi
180 4468 267 4536 sunt,
292 4479 379 4542 quam
395 4457 440 4522 M.
458 4459 576 4525 Tullius
592 4457 703 4524 Cicero
718 4460 846 4527 Brutum
869 4486 954 4528 sunm
969 4463 1153 4547 scripsisset.
1184 4459 1216 4525 Is

92 4561 171 4624 enim
193 4562 225 4624 in
246 4582 282 4625 eo
304 4560 379 4624 libro
402 4584 429 4624 c.
448 4562 508 4641 75,
532 4562 597 4629 262
616 4564 658 4627 ita
674 4565 710 4628 de
726 4568 948 4631 commentariis
964 4562 1107 4629 Caesaris
1123 4565 1214 4628 dicit:

95 4662 208 4746 ‘Atque
224 4664 313 4728 etiam
328 4666 559 4731 commentarios
574 4669 718 4750 quosdam
733 4670 855 4756 scripsit
869 4690 970 4735 rerum
985 4688 1119 4734 suarum.
1141 4665 1217 4733 Val-
