2646 5124
437 110 577 177 t'lotttt.
599 111 611 174 l
642 112 734 177 (1.11).
753 116 772 176 ‘2
795 114 863 177 --3.

1212 132 1273 195 ea:-

128 285 230 369 dirupidi
246 308 355 369 magno
373 286 475 349 dolore
490 285 715 349 adliciebantur.
755 286 815 350 Pro
836 288 1023 352 multitudiue
1039 304 1138 355 autem
1164 298 1216 359 lto·
1233 312 1252 365 5

124 388 202 453 alnum
221 401 251 453 et
272 411 327 473 pro
349 390 446 473 gloria
462 388 529 451 belli
547 399 636 470 atque
653 388 834 452 fortitudinis
849 403 994 473 angustos
1011 414 1046 457 se
1068 396 1136 457 lluis
1160 398 1213 461 lra-

123 488 428 567 lrrearlritralrantur,
451 490 498 573 qui
522 491 552 552 in
576 491 790 575 longitudinem
814 492 895 557 milia
918 514 1059 577 passuum
1075 508 1166 563 ccxl.
1181 502 1213 565 in

118 592 272 659 latitudinem
309 604 432 657 cuxxx
457 593 611 677 patebant.
657 591 712 655 llis
743 594 832 657 rebus
863 594 981 661 adducti
1018 608 1049 659 et
1078 605 1248 675 auctori-8

83 698 162 763 ³hle
172 694 360 781 Orgetorigis
376 696 501 780 permoti
517 696 736 758 constituerunt
750 718 799 773 ea,
823 718 899 779 quae
914 698 952 761 ad
966 699 1212 781 proficiscendum

112 802 289 883 pertinerent,
308 819 495 883 comparare,
514 800 711 861 iumentorum
727 810 758 861 et
773 821 926 862 carrorum
943 822 1030 883 qurum
1052 806 1213 887 maximum

110 922 241 967 numerum
259 910 417 979 coemere,
435 912 586 965 sementes
602 922 689 983 quam
705 903 853 963 maximas
871 903 987 975 lurore,
1012 906 1090 966 utin
1106 908 1214 971 itinere

107 1006 174 1091 eopia
190 1005 332 1069 lrumenti
348 1014 533 1089 suppeteret,
551 1025 617 1065 cum
633 1004 779 1087 proximis
792 1004 964 1067 ciuitatibus
980 1026 1082 1088 paoem
1096 1018 1127 1070 et
1144 1010 1216 1072 ami·
1303 1074 1306 1080 ,

104 1108 191 1171 citiam
212 1110 404 1171 eoulirmare.
444 1106 493 1169 Ad
516 1126 567 1170 eas
590 1126 639 1169 res
662 1106 864 1169 eonliriendas
888 1106 1039 1169 biennium
1062 1110 1119 1171 sibi
1141 1111 1251 1179 satis2

73 1216 165 1273 tesse
185 1210 354 1275 duxeruut:
379 1210 410 1271 in
434 1208 553 1271 tertium
574 1230 684 1271 aumrm
704 1210 918 1291 protectionem
935 1208 1001 1291 lege
1024 1214 1213 1277 confirmant.

101 1310 144 1375 ld
165 1332 215 1375 cas
236 1334 285 1377 res
308 1312 510 1376 conlieiendas
526 1306 695 1393 Orgetorix
716 1310 868 1393 deligitur.
909 1308 939 1373 ls
955 1312 1011 1375 sihi
1033 1312 1249 1397 legationem3

98 1414 131 1477 ad
145 1415 280 1479 ciuitates
295 1414 442 1499 suscepit.
475 1411 509 1475 ln
525 1435 562 1477 eo
577 1414 687 1477 itinere
702 1414 861 1495 persuadet
883 1410 1025 1493 Castico,
1050 1412 1248 1483 Catanen-t
1285 1452 1290 1461 ·

99 1516 216 1581 taloedis
238 1518 319 1593 lilio,
343 1512 503 1599 Sequano,
527 1516 611 1579 euius
632 1526 719 1600 pater
739 1536 863 1597 reguum
887 1516 916 1578 in
933 1512 1081 1601 Sequanis
1104 1518 1214 1583 multos

98 1640 186 1683 anuos
209 1620 385 1703 optinuerat
414 1630 483 1682 eta
505 1629 612 1682 senatu
634 1616 733 1701 populi
754 1616 884 1681 Romani
904 1621 1017 1685 amiens
1046 1622 1214 1705 appellatus

69 1730 84 1779 rt
96 1732 166 1799 erat,
183 1732 220 1785 ut
235 1742 359 1807 regnum
373 1721 404 1784 in
420 1721 543 1784 ciuitate
557 1742 614 1783 sua
629 1731 803 1802 oocuparet,
827 1722 904 1803 quod
920 1733 1005 1804 pater
1019 1734 1089 1785 ante
1103 1724 1214 1787 habue-

98 1834 161 1903 ratp
176 1822 309 1905 itemque
324 1820 498 1907 Dumnorigi
515 1822 660 1898 llaeduo,
679 1824 763 1885 lratri
780 1820 941 1899 lliuitiaei,
967 1826 1015 1905 qui
1031 1846 1067 1887 eo
1083 1836 1214 1910 tempore
1232 1834 1251 1891 5

98 1924 297 2009 principatum
316 1924 348 1987 iu
367 1925 486 1989 ciuitate
506 1924 659 2009 optinebat
677 1946 713 1987 ae
736 1926 867 1987 maxime
882 1926 958 2009 plebi
974 1936 1114 2009 aceeptus
1136 1938 1215 2003 erat,

100 2027 221 2093 ntidem
237 2038 415 2106 conaretur,
440 2029 599 2111 persuadet
620 2028 707 2109 eique
730 2028 820 2089 liliam
844 2048 928 2090 suam
944 2027 974 2089 in
997 2027 1219 2091 matrimonium

101 2130 155 2193 lat.
185 2126 340 2193 Perfacile
364 2132 443 2193 laetu
460 2152 529 2194 esse
545 2130 603 2193 illis
626 2128 730 2212 probat
745 2140 851 2192 conata
867 2130 1030 2213 perlicere,
1061 2140 1219 2214 propterea
1234 2136 1254 2195 d

67 2232 173 2315 ttpuod
186 2232 252 2317 ipse
267 2252 342 2295 suae
358 2232 490 2296 ciuitatis
513 2232 667 2316 imperium
684 2242 862 2315 optenturus
876 2242 978 2293 esset:
1001 2252 1061 2293 non
1078 2252 1146 2295 esse
1167 2232 1219 2294 du·
1235 2240 1255 2297 7

104 2332 185 2413 llum,
201 2336 272 2417 quin
288 2336 383 2399 totius
391 2332 508 2399 Galliae
524 2336 679 2418 plurimum
696 2334 828 2399 Heluetii
846 2344 986 2417 posseutp
1004 2354 1038 2397 se
1053 2334 1218 2419 suiseopiis

108 2454 207 2521 reoque
221 2437 364 2503 exercitu
379 2436 438 2501 illis
454 2459 546 2523 regua
562 2440 788 2501 conciliaturum
804 2436 971 2499 coufirmat.
1002 2434 1069 2501 Hac
1080 2438 1217 2503 oratioue
1232 2436 1255 2503 8

108 2538 210 2603 adducti
224 2540 309 2603 iuter
324 2560 360 2602 se
375 2539 461 2603 lidem
476 2551 509 2603 et
523 2540 726 2604 iusiurandum
744 2540 814 2601 daut
828 2550 857 2602 et
880 2559 975 2621 reguo
998 2553 1143 2627 occupato
1164 2562 1219 2625 per

112 2648 159 2705 tres
170 2642 399 2727 potentissimos
414 2664 450 2705 ae
465 2640 650 2706 firmissimos
665 2642 789 2726 populos
805 2642 896 2705 totins
910 2638 1028 2707 Galliae
1043 2664 1112 2707 sese
1129 2642 1217 2727 potiri

178 2868 506 2921 taatetetaumntte.
618 2864 805 2931 nutem]enim
818 2868 958 2929 macas.
1070 2864 1221 2917 etorrttmtt

117 2946 210 2995 ellatur
221 2962 318 2997 arararrs
332 2946 409 3012 nisj.
514 2946 573 2995 llis
586 2960 675 3009 rn.prr.
691 2945 725 2994 A.
830 2942 1070 3006 dlongitudineC.
1169 2938 1222 2989 mil'

119 3018 165 3081 AB,
178 3022 245 3073 mille
259 3024 340 3089 Mis
348 3029 374 3073 ot
387 3038 510 3088 arrprusr.
525 3023 551 3071 ia
565 3022 599 3083 C,
620 3020 725 3073 milibus
740 3021 764 3070 lt.
868 3020 1038 3069 ducentorum
1052 3017 1223 3086 quadraginta

120 3095 169 3149 ttr.
282 3103 407 3153 llriisli.
524 3099 1032 3167 5prolleleudumE,perlleicudum1).
1154 3098 1224 3149 ‘lte-

120 3176 268 3229 nuntiante
280 3182 392 3244 coms.
497 3178 513 3228 9
532 3184 559 3228 ct
579 3177 606 3229 ll
626 3192 654 3226 re
667 3177 764 3227 addito
777 3192 813 3226 nr.
825 3192 870 3241 pr.
885 3178 944 3227 sA.
1062 3174 1221 3229 dolensium

121 3256 191 3307 Μ’.
335 3258 364 3309 te
378 3258 502 3309 dixerunt
517 3260 638 3321 ascripto
650 3270 687 3305 m.
699 3270 743 3321 pr.
756 3255 888 3305 duxeruut
909 3256 1040 3305 cetrum
1054 3273 1069 3305 n
1082 3270 1164 3321 super
1176 3254 1183 3304 i
1190 3256 1220 3319 s.

205 3337 313 3387 tertiam
326 3350 438 3387 anonam
453 3336 483 3397 C,
497 3335 576 3386 tertio
590 3334 694 3399 canopi
802 3334 830 3385 ll
846 3349 889 3385 res
902 3334 1093 3385 confirmandas
1106 3336 1131 3385 d.

122 3404 227 3475 delegitur
236 3414 268 3480 s,
289 3414 396 3477 eligitur
414 3413 559 3471 martell,
579 3412 707 3473 derigitur
727 3410 752 3459 d.
866 3410 889 3460 is
911 3410 947 3459 ibi
969 3410 1033 3473 (aed
1046 3414 1075 3461 r‘n
1090 3410 1222 3474 insertor-e

123 3498 188 3555 urg.
204 3492 226 3542 is
240 3494 304 3550 sibi)
318 3494 357 3555 B,
377 3494 400 3543 is
414 3492 457 3543 ubl
472 3492 567 3543 cult.
673 3488 706 3539 te
718 3486 957 3539 Catamantaloedis
970 3490 1024 3539 BD
1034 3489 1066 3551 Ε,
1085 3488 1223 3538 Cataman-

124 3562 227 3619 bltlcdis
246 3568 290 3631 A,
316 3568 561 3620 Catamaodoloedis
582 3564 617 3627 C,
644 3562 921 3632 Catamauteloedlsj.
1028 3566 1058 3616 ll
1074 3564 1225 3630 optinuerat

126 3640 196 3695 110.
331 3646 398 3713 abs.
526 3650 619 3696 senatu
640 3641 724 3707 populi
746 3640 853 3691 Romani
873 3640 1129 3705 ABCllEelres,
1154 3638 1182 3687 S.
1197 3636 1226 3687 l‘.

126 3710 181 3785 RQ.
199 3720 228 3771 ll.
249 3738 278 3773 u.
405 3722 436 3775 ld
456 3721 580 3773 ‘llacduo
605 3718 652 3768 oet
674 3716 762 3767 lledoo
787 3718 959 3767 insolescet
986 3718 1086 3783 lufta’.
1120 3714 1226 3763 llaeduo

128 3790 145 3839 d
151 3794 216 3863 111]
222 3804 249 3847 at
255 3836 264 3863 ,
285 3802 344 3849 ntra·
359 3798 445 3849 aliter
461 3800 596 3865 reseram,
616 3808 723 3861 sempor
734 3794 773 3855 B,-
790 3794 880 3843 Aedoo
893 3794 917 3843 B
929 3798 957 3843 et
970 3807 1078 3857 sempor
1089 3807 1116 3841 u.

129 3862 230 3927 Quian
247 3877 291 3941 A,
313 3876 438 3929 Diniclati
462 3878 494 3929 C.
667 3874 698 3925 17
722 3872 747 3923 io
773 3872 883 3923 ciuitate
902 3876 932 3923 a'n
955 3886 1046 3937 marg.
1066 3868 1176 3935 supplet
1195 3868 1225 3931 s.

205 3954 342 4021 optinebat
359 3954 426 4006 Ae.
533 3950 658 4003 ldloelle
678 3950 712 4001 E.
818 3948 915 4000 laetum
930 3950 964 4013 C,
984 3948 1112 4014 lacteos.

131 4018 236 4081 llltmao
248 4030 284 4081 Ε.
378 4030 555 4085 wodanem.
569 4026 704 4093 ereprad.
775 4032 929 4094 optenturur
949 4025 984 4075 A.
1055 4026 1087 4076 21
1110 4020 1173 4071 totis
1195 4017 1229 4067 A.

179 4108 210 4157 ²2
226 4108 426 4161 consiliatorum
445 4110 476 4161 li.
580 4104 640 4171 liae]
660 4119 691 4156 ae
710 4119 951 4171 representare.
969 4104 1031 4154 hB.
1137 4098 1172 4149 et
1189 4109 1233 4160 po·

133 4178 222 4237 duitor
240 4188 275 4239 E·
380 4192 445 4253 post
463 4187 541 4255 potiri
560 4202 597 4237 nr.
617 4200 669 4235 rec.
684 4190 758 4235 tator
770 4198 842 4235 uera.
856 4182 965 4249 imperio
978 4180 1042 4231 odd.
1053 4182 1087 4229 A.

151 4276 227 4337 uon,
240 4284 276 4329 od.
291 4282 400 4343 Nipperd.
1042 4272 1082 4337 17
