2646 5124
498 74 818 139 —lhi—

117 248 197 308 reterri
219 257 389 330 pateretur,
416 248 565 309 sententia
589 261 686 311 tanmn
705 252 802 332 inepta
820 265 917 327 essct,
948 276 1024 335 quae
1041 259 1096 319 alia
1114 262 1217 324 iurssc

108 372 153 413 nou
167 362 274 433 potest,
293 351 352 413 uisi
371 351 463 413 hacc:
482 350 681 433 expectabant
698 353 806 416 cotidie
822 355 924 417 durius
942 368 1072 442 lempna,
1099 383 1158 442 quo
1175 364 1218 425 le·

100 454 221 517 nior-ibus
238 454 340 517 uentis
364 455 578 517 tramitterent.
609 454 689 519 Nam
712 478 788 541 quae
811 453 1041 543 Dudendorpius
1056 461 1113 525 sibi
1130 464 1216 529 innc-

93 556 168 621 nisse
188 558 275 619 nisus
300 567 368 633 est,
392 553 614 635 Caesarianos,
641 560 708 621 dum
730 559 861 623 leniores
883 570 989 625 uentos
1004 575 1214 646 expectarent,

89 658 188 721 dumus
211 658 326 722 cotidie
349 662 504 744 accepisse
526 671 651 744 tempus,
677 681 780 725 eorsum
804 662 876 725 nihil
893 662 990 726 uideo.
1027 661 1214 733 Sententiam

85 764 197 847 requiri
212 774 352 847 apertum
368 774 416 826 est
431 764 652 828 huiuscemodi:
671 775 787 850 tempus
803 765 912 827 cotidie
928 765 1031 829 durius
1047 789 1128 852 spem
1144 773 1218 835 leni·

83 868 183 931 oribus
200 866 306 930 nentis
323 866 507 929 tramittendi
522 867 682 931 ademisse.
707 865 812 950 ltaque
828 867 872 930 sic
889 869 1016 952 scripsi:
1043 871 1216 955 ‘duriusque

85 970 190 1035 cotidie
206 980 330 1053 tempus
344 969 382 1032 ad
399 969 658 1052 transportandum
675 970 839 1033 lenioribus
854 972 954 1034 uentis
970 992 1029 1033 non
1041 974 1216 1056 spectabat'.

85 1070 238 1137 Particula
260 1072 404 1155 negatiua
426 1082 564 1155 separata
587 1083 634 1136 cst
655 1092 672 1135 a
695 1072 865 1156 copulatiua
881 1075 917 1135 ad
934 1074 993 1136 uim
1010 1075 1090 1137 illius
1106 1095 1218 1159 augen—
1270 1078 1272 1083 ’

86 1175 160 1239 dam.
193 1170 246 1239 Cl.
265 1174 298 1237 b.
316 1172 400 1238 Gall.
418 1171 477 1251 lll,
493 1172 583 1251 2D,2
599 1173 655 1238 ‘uti
671 1197 745 1259 opus
763 1176 937 1239 necessario
953 1176 1216 1257 intermitteretur,

87 1290 117 1343 ct
129 1276 362 1343 continuatione
376 1276 514 1340 imbrium
531 1278 641 1341 diutius
656 1279 711 1343 sub
727 1279 852 1363 pellibus
868 1278 977 1342 milites
994 1281 1141 1345 contineri
1158 1304 1218 1345 non

89 1381 233 1466 possent',
257 1379 291 1442 b.
308 1377 369 1442 ciu.
388 1376 415 1457 l,
431 1378 485 1456 81,
503 1378 525 1442 2
542 1388 586 1444 ‘ct
600 1402 638 1445 eo
653 1382 701 1445 die
716 1380 909 1445 tabernacula
924 1381 1016 1444 statui
1032 1402 1139 1465 passus
1157 1404 1217 1447 non

88 1485 153 1560 αι’,
164 1479 263 1548 Corn.
273 1478 357 1567 Nep.
365 1479 517 1557 Themd,
537 1481 553 1544 ·1
568 1483 759 1569 ‘longiusque
774 1484 917 1547 barbaras
933 1484 1072 1568 progredi
1088 1506 1149 1548 non
1164 1506 1216 1570 pa-

90 1585 248 1651 terentur’.

172 1686 265 1770 Quae
279 1707 308 1751 c.
324 1686 367 1753 26
382 1689 419 1752 de
435 1688 559 1753 Antonii
573 1700 602 1753 et
618 1686 725 1754 Caleni
740 1690 924 1775 protectione
939 1691 1093 1776 leguntur,
1111 1690 1216 1773 partim

89 1812 132 1855 cn
152 1790 245 1855 codd.
270 1790 413 1875 scriptura
436 1790 513 1854 benc
535 1794 690 1857 constituit
705 1791 929 1877 Elberlingius,
957 1794 993 1854 de
1014 1803 1099 1874 parte
1122 1794 1219 1856 miuus

92 1904 180 1957 recte
195 1893 363 1977 disputanit.
398 1893 444 1956 Ea
466 1904 565 1958 autem
590 1896 682 1959 uerba
704 1898 745 1959 ita
761 1895 919 1959 scribenda
936 1904 1024 1957 sunt:
1052 1895 1152 1957 ‘nacti
1168 1917 1220 1958 au-

92 2007 191 2061 strum
212 2014 307 2059 naues
328 1996 452 2061 soluunt
474 2007 564 2079 atquc
583 1998 680 2062 altero
696 1999 743 2062 dic
759 1998 949 2082 Apolloniam
968 1994 1220 2081 [Dyrrhachium]

89 2100 372 2184 praeteruehentnr.
397 2098 458 2181 Qui
474 2121 540 2163 cum
556 2112 659 2164 essent
674 2122 713 2165 ex
729 2101 896 2165 continenti
913 2100 970 2162 uisi
983 2094 1153 2183 Coponius,
1171 2100 1220 2181 qui

90 2200 272 2289 Dyrrhachii
287 2203 379 2266 classi
389 2201 524 2267 Rhodiae
532 2214 681 2288 praeerat,
699 2224 792 2267 naues
808 2224 848 2267 ex
865 2212 951 2287 portu
967 2201 1078 2279 educit,
1093 2212 1135 2279 ct,
1153 2224 1221 2264 cunr

90 2306 145 2369 iam
160 2306 276 2369 nostris
291 2305 466 2369 remissiore
479 2318 571 2369 uento
586 2306 870 2390 appropinquasset,
895 2305 974 2368 idem
997 2314 1103 2368 auster
1122 2306 1221 2369 incre·

92 2408 169 2473 brnit
190 2408 368 2490 nostrisque
387 2408 536 2491 pracsidio
558 2408 625 2471 luit.
656 2407 766 2491 Neque
788 2428 862 2472 uero
886 2408 936 2471 ille
959 2407 996 2471 nb
1018 2428 1083 2472 eam
1099 2430 1221 2473 causam

93 2524 201 2577 contu
223 2508 408 2587 desistebat,
432 2510 485 2573 sed
508 2509 609 2574 labore
632 2522 664 2575 et
687 2513 912 2595 perseuerantia
934 2521 1090 2576 nautarum
1114 2523 1144 2577 ct
1160 2514 1221 2575 uim

93 2614 284 2705 tempestatis
291 2613 428 2697 superari
439 2632 527 2696 posse
537 2614 690 2697 sperabat,
709 2627 990 2698 praeteruectosque
1000 2612 1222 2700 Dyrrhachium

94 2740 201 2803 magna
222 2716 362 2781 uiuenti
386 2715 591 2779 nihilosecius
614 2717 826 2800 sequebatur’.
859 2717 1063 2800 ‘Apolloniam
1087 2714 1224 2801 Dyrrha·

91 2822 205 2887 chium’
226 2818 374 2903 scriptum
396 2827 444 2882 est
461 2818 494 2881 in
509 2816 582 2882 Par.
600 2838 664 2883 sec.
681 2817 773 2882 Leid.
792 2840 837 2903 pr.
856 2816 939 2883 Scal.
957 2818 1060 2881 llaun.
1079 2839 1125 2901 pr.
1144 2840 1224 2881 com-

91 2918 289 3011 pluribusque
313 2920 505 2985 deteriorum.
536 2919 573 2984 ln
594 2922 702 3004 quibus
726 2920 828 2985 uerbis
852 2944 920 2984 cum
944 2940 1042 3007 neque
1058 2919 1225 3003 asyndeton

92 3028 179 3105 leni,
196 3044 295 3110 neqm
311 3022 359 3086 hic
374 3021 431 3086 iam
445 3020 664 3108 Dyrrhachium
680 3025 871 3109 praeteruehi
888 3020 1069 3087 Caesariani
1085 3022 1141 3085 dici
1158 3044 1226 3107 pos-

92 3130 165 3209 sint,
185 3124 268 3212 ¹quos
283 3136 387 3211 postea
402 3128 530 3199 demum,
555 3146 622 3189 cum
638 3146 691 3190 cos
708 3123 862 3212 Coponius
878 3126 995 3189 leniore
1017 3137 1108 3189 uento
1131 3148 1226 3210 paene

93 3243 256 3299 ”mutus
270 3242 373 3307 esset,
398 3229 427 3292 id
451 3229 589 3313 oppidum
605 3240 696 3292 uento
711 3250 817 3292 rursus
833 3228 1074 3293 increbrescente
1090 3239 1226 3313 practer-

93 3346 198 3401 uectus
221 3352 294 3397 esse
319 3332 506 3407 declaretur,
538 3331 584 3394 his
607 3332 643 3395 de
667 3332 766 3395 causis
787 3330 993 3418 Elberlingius
1015 3343 1099 3394 recte
1121 3330 1229 3394 statuit

93 3434 319 3523 Dyrrhachium
335 3435 547 3516 interpolatum
562 3454 630 3497 esse
646 3454 688 3497 cx
702 3433 804 3497 uerbis
820 3456 847 3496 c.
866 3432 925 3510 30,
950 3433 967 3495 1
987 3441 1229 3516 ‘praeteruectus

93 3537 289 3625 Apolloniam
312 3535 594 3621 Dyrrhachiumquc
615 3557 708 3599 naues
732 3536 897 3599 uiderant'.
935 3532 995 3599 Sed
1018 3536 1096 3617 quod
1121 3532 1230 3596 deinde

94 3642 285 3705 mribendum
309 3639 496 3703 existimauit
520 3649 652 3702 ‘etcum
668 3640 726 3701 iam
744 3640 840 3702 nostri
857 3674 898 3685 —
915 3634 1228 3722 appropinquassent',

96 3744 164 3809 mihi
178 3744 225 3822 id,
243 3742 322 3827 quod
333 3736 529 3805 Vascosauns
544 3741 642 3826 posuit
658 3742 781 3824 ipseque
796 3761 887 3824 snpra
903 3740 1022 3823 scripsi,
1040 3735 1230 3801 retinendum

97 3846 226 3924 uidetur,
251 3845 324 3909 licet
339 3844 370 3909 in
387 3844 522 3908 omnihus
538 3844 624 3907 codd.
643 3843 761 3928 legatur
777 3842 1098 3927 ‘appropinquassent',
1117 3849 1148 3903 et
1166 3845 1233 3899 ‘no-

100 3950 178 4015 stris’
193 3949 226 4014 iu
243 3946 354 4013 Cniac.
372 3960 488 4013 tautum
504 3948 678 4029 duobusque
695 3945 905 4009 deterioribus.
938 3942 1025 4025 erod
1050 3952 1150 4006 aulem
1171 3936 1234 4001 Du-

101 4050 278 4137 dendorpius
303 4051 440 4116 ‘nostris’
464 4062 496 4114 et
512 4049 821 4134 ‘appropinquassent'
838 4048 928 4111 edidit
944 4058 974 4110 ct
990 4047 1047 4108 hoc
1062 4044 1099 4106 ad
1118 4039 1235 4101 ‘naues’

102 4154 212 4237 retulit,
229 4152 432 4221 causationis
449 4155 544 4219 torma
560 4153 650 4217 nimis
665 4152 872 4236 impeditaest.
898 4145 1078 4212 Caesariani
1092 4160 1166 4204 uero
1178 4158 1237 4200 non
