2646 5124
445 554 908 627 connumeres-n.
1231 576 1296 645 207

100 735 287 801 collatione
302 730 462 809 celeritas,
485 742 519 795 nt
533 729 611 795 iubis
627 753 770 815 quorum
786 732 934 798 subleuati
948 755 1071 801 cursum
1086 740 1237 828 adaequa.

102 850 185 911 rent.
227 834 289 901 Vbi
310 855 379 899 cum
401 834 511 899 castris
533 855 567 898 se
590 846 696 899 tenere
721 832 840 900 Caesar
862 836 1031 917 intellexit,
1062 860 1100 905 ue
1117 844 1231 913 diutius
1246 850 1293 923 40

103 948 273 1005 commeatu
296 938 528 1023 prohiberetur,
554 940 633 1001 ultra
656 958 724 1002 cum
746 938 862 1016 locum,
885 960 943 1023 qno
959 941 989 1003 in
1006 942 1071 1005 loco
1087 942 1234 1013 Germani

67 1116 69 1121 ,
107 1043 318 1119 consederant,
336 1042 458 1105 circiter
474 1062 579 1125 passus
595 1052 758 1105 sexcentos
774 1042 883 1119 abiis,
909 1044 1018 1107 castris
1032 1045 1171 1112 idoneum
1188 1052 1234 1115 lo-

67 1147 169 1259 'puum
182 1144 297 1229 delegit
310 1144 435 1226 acieque
451 1142 561 1226 triplici
576 1143 725 1207 instructa
740 1145 777 1207 acl
794 1166 859 1207 eum
877 1146 973 1207 locum
989 1148 1084 1208 uenit.
1102 1146 1232 1217 Primam
1247 1154 1269 1219 2

109 1258 141 1315 ct
160 1248 326 1312 secundam
348 1247 446 1309 aciem
468 1246 500 1309 iu
522 1244 615 1309 armis
635 1266 723 1321 esse,
746 1248 864 1310 tertiam
888 1259 987 1311 castra
1003 1250 1120 1315 munire
1134 1252 1232 1317 iussit.

112 1348 167 1415 llic
179 1350 265 1414 locus
281 1351 320 1414 ab
337 1351 422 1415 hoste
438 1350 562 1413 circiter
576 1369 682 1433 passus
697 1361 874 1428 sexcentos,
892 1352 936 1414 uti
952 1352 1062 1415 (lictum
1078 1362 1143 1433 est,
1165 1355 1270 1422 abe-3

113 1462 168 1517 rut.
203 1451 253 1517 Eo
275 1454 400 1517 circiter
422 1452 573 1515 hominnm
597 1472 722 1515 nomem
744 1452 876 1515 sedecim
899 1454 981 1517 milia
1004 1452 1146 1537 expedita
1169 1476 1236 1520 eum

112 1556 188 1619 omui
202 1556 339 1639 equitatu
354 1555 530 1619 Ariouistus
546 1554 644 1632 misit,
668 1575 745 1637 quae
761 1556 866 1638 copiae
888 1566 1010 1618 nostros
1030 1568 1238 1639 perterrercnt

67 1658 319 1740 phelmonitione
335 1657 540 1741 prohiberent.
570 1654 677 1721 Nihilo
692 1658 792 1720 secius
814 1654 949 1734 Caesar,
974 1668 1008 1719 ut
1029 1668 1100 1720 ante
1122 1658 1271 1723 consti-4

113 1770 222 1837 tuerat,
237 1760 308 1823 duas
323 1760 407 1823 acies
423 1760 538 1822 hostem
553 1760 739 1841 propulsare,
757 1760 875 1823 tertiam
892 1759 1120 1841 opusperhcerc
1131 1759 1232 1823 iussit.

112 1858 239 1927 Munitis
256 1864 366 1926 eastris
389 1863 462 1925 eluas
484 1859 525 1923 ibi
546 1860 681 1945 legiones
704 1862 826 1944 reliquit
847 1872 877 1926 et
899 1871 1012 1944 partem
1035 1861 1230 1937 auxiliorum,
1248 1862 1269 1925 5

111 1978 250 2051 quattuor
263 1965 396 2048 reliquas
410 1964 442 2026 iu
458 1974 558 2027 castra
574 1964 686 2028 maiora
701 1964 836 2027 reduxit.
867 1960 1012 2026 Proximo
1028 1962 1075 2026 die
1090 1963 1230 2027 instituto
1245 1964 1291 2033 50

109 2090 163 2135 utto
177 2064 296 2135 Caesar
311 2088 329 2131 e
344 2066 452 2131 castris
468 2067 602 2149 utrisque
617 2068 718 2150 copias
738 2087 810 2130 suas
825 2065 930 2129 eduxit
945 2067 1121 2149 paulumque
1136 2088 1155 2129 a
1169 2088 1233 2129 ma-

67 2180 92 2235 tt
107 2170 225 2237 iuribus
241 2170 349 2234 cestris
363 2190 543 2255 progressus
558 2171 653 2232 aciem
668 2170 834 2245 instruxit,
860 2169 994 2231 hostibus
1016 2169 1164 2254 pugnandi
1180 2189 1233 2252 po·

110 2284 257 2339 testatem
272 2273 356 2335 iecit.
384 2270 442 2336 Vbi
457 2293 496 2336 ne
512 2284 573 2335 tum
589 2272 707 2355 quidem
723 2292 776 2334 eos
792 2272 910 2355 prodire
926 2270 1095 2347 intellexit,
1112 2270 1233 2333 circiter
1246 2269 1269 2333 2

109 2375 274 2441 meridiem
297 2374 454 2439 exercitum
477 2376 509 2438 iu
530 2386 630 2439 castra
652 2374 786 2438 reduxit.
824 2372 904 2437 Tum
927 2374 1043 2436 demum
1061 2370 1233 2433 Ariouistus

110 2488 231 2565 partem
246 2498 366 2541 suarum
382 2480 552 2561 copiarum,
576 2498 652 2561 quae
667 2489 768 2541 castra
783 2478 899 2541 minora
916 2486 1115 2559 oppugnaret,
1141 2472 1233 2535 misit.

107 2580 236 2647 Acriter
249 2580 395 2663 utrimque
412 2601 505 2663 usque
520 2583 557 2645 ad
572 2602 731 2665 uesperum
746 2590 909 2663 pugnatum
925 2590 985 2641 est.
1023 2574 1106 2641 Solis
1126 2572 1270 2639 occasui

67 2690 92 2748 tt
106 2704 175 2749 unus
189 2685 296 2770 copies
311 2682 486 2747 Ariouistus
501 2684 601 2747 multis
624 2694 655 2747 et
675 2683 780 2747 inlatis
797 2693 828 2746 et
848 2682 981 2764 acceptis
1005 2678 1182 2744 uulneribus
1203 2678 1234 2741 iu

111 2796 212 2852 custra
226 2787 362 2852 recinuit.
401 2782 481 2851 Cum
504 2808 545 2850 en
567 2786 694 2871 captiuis
716 2795 877 2869 quaereret
894 2780 1020 2861 Caesar,
1044 2779 1236 2864 quamohrem
1250 2778 1272 2843 4

110 2888 283 2956 mensem
297 2890 415 2973 proelio
429 2910 490 2953 nou
506 2890 696 2967 decertaret,
714 2888 790 2952 hanc
807 2886 976 2971 reperiebat
991 2905 1132 2961 causam,
1154 2882 1233 2967 quod

111 2992 185 3077 aputl
210 2988 385 3057 Germanos
406 3013 443 3055 ea
465 2992 647 3057 consuetudo
671 3002 771 3067 esset,
803 3001 837 3052 ut
863 2988 1107 3052 matresfamiliae
1129 3008 1233 3051 eorum

111 3092 240 3159 metitus
256 3105 289 3157 ct
303 3092 566 3157 uaticinationibus
582 3094 789 3167 declararent,
814 3102 912 3155 utrum
928 3091 1073 3177 proelium
1089 3090 1234 3154 committi

73 3198 95 3253 ll
111 3214 149 3258 ex
160 3216 218 3260 usu
233 3206 331 3273 esset,
356 3218 470 3275 necue3
493 3218 545 3260 eas
560 3196 604 3259 ita
628 3196 746 3258 dicere:
771 3214 833 3255 nou
848 3212 917 3258 esse
931 3196 977 3257 las
1000 3190 1170 3255 Germanos
1186 3188 1272 3253 su·5

111 3316 228 3379 penne,
245 3298 275 3363 si
289 3310 362 3363 aute
377 3320 485 3363 nonum
500 3298 601 3363 lunam
617 3292 979 3380 proelioconteudissent.
1005 3290 1158 3354 Postridie
1172 3290 1238 3352 eius
1253 3288 1293 3357 51

114 3398 169 3465 tliei
191 3394 314 3465 Cacsar
333 3402 514 3487 praesidium
538 3400 674 3485 utrisque
698 3396 827 3475 castris,
853 3394 931 3479 qnod
953 3392 1029 3457 satis
1052 3411 1121 3455 esse
1143 3390 1240 3453 uisum

205 3572 300 3624 2uetc
312 3588 347 3623 ιιι.
361 3590 415 3627 rec.
429 3576 462 3636 B,
476 3574 550 3642 quod
563 3574 631 3626 Ond.
647 3571 794 3636 ‘mersere
806 3566 907 3620 omnes’
920 3570 1029 3617 secutur
1041 3567 1173 3615 mutauit.

114 3646 129 3697 l
137 3662 245 3713 pausum
259 3649 285 3699 b.
355 3658 492 3702 sescentos
505 3666 542 3701 m.
554 3665 599 3716 pr.
613 3650 646 3699 B.
706 3647 738 3700 uh
748 3646 788 3697 bis
802 3644 917 3709 ABlu's,
932 3643 1010 3693 abeis
1025 3638 1156 3693 Clorhine
1168 3644 1199 3689 et
1208 3654 1236 3689 u.

219 3724 346 3777 hunnici
360 3728 393 3778 A.
528 3724 609 3791 llic]
623 3726 646 3777 is
661 3726 675 3776 b
689 3742 713 3775 c.
842 3726 977 3773 sescentos
990 3734 1027 3769 m.
1037 3732 1083 3785 pr.
1094 3718 1129 3769 Β.

117 3798 247 3855 humero
259 3818 315 3853 om.
329 3804 375 3869 cs.
485 3804 500 3855 0
515 3810 647 3855 terrerent
658 3802 683 3853 Β
697 3806 725 3852 et
735 3816 772 3851 m.
784 3815 831 3866 pr.
844 3798 877 3850 B.
997 3796 1029 3849 10
1041 3794 1198 3846 munitiones
1212 3794 1238 3841 b.

226 3878 261 3931 13
274 3886 402 3947 quattuor
413 3882 455 3945 A,
469 3886 581 3947 quatuor
593 3876 640 3943 (B)
650 3878 674 3929 Β
679 3914 687 3942 ,
701 3877 781 3942 arrrs.
903 3870 1029 3940 reliquus]
1043 3872 1161 3935 legiones
1174 3869 1238 3919 odd.

119 3950 186 4006 'nec
198 3956 341 4009 uoaunlh'
354 3962 382 4009 et
393 3972 429 4007 m.
442 3973 495 4007 sec.
510 3956 543 4007 B.
638 3954 837 4021 inpletumque
850 3951 877 4003 A
885 3950 982 4014 ehu,
996 3949 1161 4016 paullumque
1176 3946 1238 4013 (Β);

119 4032 299 4102 paululumque
309 4034 337 4100 s
344 4034 419 4083 ‘msc
433 4031 469 4086 Β.
601 4032 632 4085 15
642 4032 738 4083 castris
749 4046 803 4081 om.
817 4030 861 4095 es
871 4044 898 4078 n.
1003 4025 1123 4077 hostibus
1136 4022 1238 4084 ΑΒΕ,

121 4106 287 4179 batibusque
300 4112 325 4161 B
336 4110 450 4177 (diserto
463 4110 631 4174 testimonio)
643 4108 694 4176 (s)
709 4125 735 4159 n.
755 4108 787 4159 Ρ.
802 4108 844 4159 hh.
950 4103 982 4157 17
996 4104 1021 4153 iu
1035 4118 1088 4153 om.
1102 4117 1140 4153 m.
1151 4115 1196 4167 pr.
1208 4100 1240 4150 C.

222 4188 256 4243 10
268 4188 349 4257 quae]
363 4197 393 4240 nt
404 4191 430 4239 b.
513 4189 544 4243 lh
557 4188 687 4255 utrimque
701 4186 766 4252 As,
780 4184 902 4250 utrinqne
915 4182 974 4247 (Β).
1054 4194 1192 4247 uesperum
1204 4178 1238 4227 Β.

218 4266 256 4321 20
270 4265 363 4317 iulatir
375 4266 497 4333 Anus.
584 4265 619 4320 22
631 4261 798 4331 repperiebat
809 4261 843 4312 Β.
948 4256 982 4313 23
995 4270 1028 4308 eu
1039 4272 1092 4307 om.
1107 4256 1132 4307 h.

125 4342 333 4396 utreriumilias
346 4345 382 4396 Β.
489 4358 578 4396 eornm
591 4358 645 4394 om.
657 4342 692 4393 Β.
785 4340 819 4395 tt
831 4336 946 4391 rorfibne
959 4332 1242 4396 uaticinationihnsqne

124 4416 401 4488 tetanntmprb.
511 4422 783 4473 therentianum.
799 4416 831 4469 C·
944 4414 1084 4464 lunonem
1097 4408 1240 4461 Clocon.

124 4498 191 4549 ttm.
200 4512 256 4549 aee.
272 4498 308 4550 B.
431 4498 465 4553 27
478 4496 636 4565 praesidium
649 4494 716 4559 (Ao)
727 4493 752 4544 Β
762 4494 788 4545 Β
792 4508 807 4542 e
819 4490 898 4559 (hed,
912 4488 1076 4547 ntnidetnr,
1089 4486 1149 4538 alia
1162 4485 1244 4533 lectio

128 4574 162 4625 {tt
169 4578 425 4643 priussne'tportea
438 4575 499 4627 eud.
511 4592 548 4628 ιιι.
562 4573 679 4627 mutata'
691 4570 808 4637 uttert.)
819 4571 856 4637 s,-
878 4568 1010 4637 praesidio
1023 4566 1115 4631 (Arest
1131 4562 1153 4611 ί·
1168 4560 1197 4619 b,
1217 4561 1246 4606 ct

126 4655 150 4701 ia
162 4654 184 4705 B
196 4656 303 4708 litteris
315 4656 369 4707 ium
379 4658 492 4722 punctr'r
503 4656 608 4705 notetis
618 4650 678 4704 ead.
692 4664 728 4701 m.
744 4665 759 4699 o
771 4660 895 4714 coprem.
978 4658 1037 4695 esse
1051 4654 1103 4691 om.
1118 4646 1207 4697 ΜΛ
1218 4634 1243 4683 b·
