2646 5124
477 616 789 688 CANUS-25.
1189 618 1254 690 ott

68 798 149 861 laeto
173 814 241 859 cnm
255 790 386 857 Labieni
402 804 435 855 et
450 790 563 856 Petreii
578 790 672 876 copiis
692 813 726 855 se
747 790 919 875 coniungit,
943 801 1033 874 atque
1056 794 1123 856 nnis
1146 815 1196 858 ea·
1244 800 1251 810 '

69 897 143 963 atris
160 896 250 962 lactis
265 905 302 959 111
316 895 400 959 milia
415 914 556 979 passuum
572 894 662 979 longe
678 894 849 958 considunt.
895 891 1058 977 Equitatns
1073 893 1195 960 iuterim
1210 897 1233 963 2

69 1022 173 1065 eorum
190 1000 302 1064 circum
310 993 453 1061 Caesaris
468 997 650 1061 munitiones
666 997 769 1082 uagari
786 1008 877 1080 atque
891 1017 956 1076 eos,
974 996 1023 1080 qui
1039 997 1198 1082 pabulandi

70 1114 124 1166 ant
144 1101 272 1187 aquandi
295 1101 394 1185 gratia
418 1110 506 1164 extra
527 1098 639 1163 uallum
655 1098 807 1183 progressi
823 1110 943 1175 esseut,
968 1096 1130 1185 excipere3
1154 1102 1198 1167 ita

35 1218 51 1269 t
74 1226 182 1270 amnes
202 1204 395 1269 aduersarios
418 1204 499 1266 intra
519 1202 700 1266 munitiones
723 1203 891 1266 continere.
937 1196 1060 1283 Quare
1083 1199 1234 1270 Caesa-3

71 1290 151 1372 niani
172 1307 258 1392 gram
281 1327 402 1370 annona
424 1316 495 1370 sunt
517 1305 698 1380 conflictati,
723 1304 790 1369 ideo
807 1305 885 1388 quod
900 1304 1031 1368 noudum
1047 1298 1146 1389 neque
1159 1307 1197 1371 ab

72 1406 176 1475 Sicilia
191 1430 291 1494 neque
305 1409 342 1472 ab
359 1404 500 1473 Sardinia
515 1419 699 1472 commeatus
715 1407 906 1491 subportatus
918 1408 1006 1485 erat,
1031 1427 1129 1492 ueque
1144 1429 1200 1494 per

71 1515 144 1576 anui
159 1524 276 1597 tempus
298 1512 329 1574 in
342 1511 419 1575 mari
434 1512 550 1574 classes
565 1510 633 1574 siue
648 1510 781 1594 periculo
797 1509 901 1595 uagari
918 1520 1074 1594 poterant3
1100 1532 1198 1596 neque

72 1615 200 1699 amplius
221 1613 304 1677 milia
324 1633 463 1698 passuum
478 1622 514 1676 Vt
536 1623 636 1677 terrae
651 1611 774 1676 Africae
797 1633 913 1696 qnoque
932 1633 1040 1677 uersus
1055 1613 1199 1678 tenebant

14 1728 47 1783 to
72 1717 230 1802 pabulique
252 1716 352 1801 inopia
373 1715 596 1801 premebantur.
642 1709 712 1796 Qua
735 1715 914 1779 necessitate
940 1716 1037 1779 eoacti
1062 1717 1234 1781 ueteranil

73 1819 184 1883 milites
207 1819 398 1902 equitesque,
422 1820 471 1903 aui
495 1820 587 1882 multa
609 1829 692 1882 terra
707 1819 842 1901 marique
857 1817 934 1882 bella
950 1819 1152 1883 coniecissent
1168 1830 1199 1884 et

72 1922 212 2008 periculis
233 1922 392 2007 inopiaque
414 1922 465 1987 tali
485 1942 576 2006 saepe
591 1932 694 1986 essent
708 1921 890 2000 conflictati,
915 1922 983 2008 alga
998 1942 1015 1985 e
1030 1922 1121 1986 litore
1136 1922 1199 1986 ool·

72 2025 150 2089 lecta
171 2035 202 2088 et
224 2046 300 2108 aqua
324 2024 402 2089 dulci
426 2025 506 2089 eluta
531 2025 622 2088 etita
645 2024 786 2087 iumentis
802 2023 1004 2088 esurientibus
1020 2024 1089 2087 data
1105 2025 1197 2087 nimus

72 2148 174 2193 eorum
198 2127 413 2211 producebant.
467 2122 544 2190 Cum
568 2127 642 2190 baec
665 2126 708 2189 ita
729 2127 855 2204 tierent,
888 2148 944 2190 rex
968 2120 1042 2190 lube
1064 2126 1194 2212 cognitis
1209 2127 1255 2198 25

17 2240 54 2295 tt.
72 2226 217 2295 Caesaris
238 2230 459 2294 difficultatibus
481 2230 692 2314 copiarumque
715 2229 865 2311 paucitate
880 2250 941 2292 uon
956 2242 1004 2292 est
1020 2228 1116 2293 uisum
1132 2230 1197 2295 dari

70 2334 201 2417 spatium
225 2334 453 2397 conualesecudi
473 2332 736 2417 augendarnmque
759 2331 823 2393 eins
845 2350 944 2414 opum.
990 2327 1094 2415 Itaque
1117 2352 1197 2395 cnm-

71 2436 189 2522 paratis
212 2434 345 2519 equitum
365 2438 481 2521 maguis
496 2436 686 2519 peditumque
709 2432 802 2517 copiis
824 2431 957 2495 subsidio
976 2433 1040 2495 suis
1054 2452 1198 2515 egressus

72 2557 92 2602 e
113 2538 277 2623 regno-ire
291 2539 456 2613 contendit.
501 2536 539 2602 P.
558 2533 666 2602 Sittius
689 2535 810 2599 interim
834 2545 865 2598 et
886 2555 943 2598 rex
959 2531 1100 2599 bocchus
1124 2536 1233 2599 eon-u

73 2639 183 2704 iuuetis
207 2641 270 2705 suis
294 2641 387 2725 copiis
409 2640 532 2724 cognito
554 2639 636 2724 regis
656 2634 749 2703 lubae
770 2658 894 2724 egressu
917 2636 1040 2722 propios
1062 2636 1128 2701 eins
1149 2658 1198 2702 re·

13 2750 50 2805 tt
73 2764 162 2828 pum
178 2745 279 2828 copias
294 2764 366 2809 snas
380 2744 555 2821 admonere,
576 2740 763 2826 Cirtamque,
787 2740 924 2826 oppidum
941 2739 1197 2825 opulentissimum
1213 2740 1243 2828 3,

74 2845 140 2908 cius
163 2848 259 2929 regui,
277 2848 401 2910 adortos
417 2847 521 2932 paucis
538 2846 641 2909 diebus
653 2846 809 2930 pugnando
825 2844 904 2929 capit
919 2855 951 2908 et
965 2853 1124 2928 praeterea
1139 2843 1197 2908 dno

74 2946 180 3030 oppida
202 2945 417 3030 Gaetulorum
449 2950 556 3032 quibus
579 2970 646 3012 cum
670 2948 875 3012 condicionem
898 2949 1010 3025 feruet,
1036 2957 1068 3011 ut
1091 2947 1198 3032 oppido

74 3052 260 3115 excederent
280 3052 369 3136 idque
391 3051 448 3116 sibi
471 3072 596 3116 uacuum
621 3053 792 3130 traderent,
824 3051 1088 3132 condicionemque
1109 3071 1198 3135 repn-

75 3154 225 3233 diassent,
250 3165 355 3240 postea
371 3155 408 3219 ab
424 3175 460 3218 eo
476 3156 553 3240 capti
568 3154 777 3237 interfectique
792 3164 864 3218 snut
878 3171 993 3217 omnes.
1040 3148 1112 3214 Inde
1129 3174 1198 3236 pro·
1213 3153 1233 3217 1

15 3268 51 3321 2⁵
73 3277 195 3343 gressus
218 3278 309 3341 agros
332 3258 497 3342 oppidaque
521 3279 636 3322 nexare
659 3279 718 3320 non
741 3256 867 3320 destitit.
906 3250 1025 3334 Quibus
1041 3253 1132 3316 rebus
1148 3274 1198 3316 co-

74 3360 166 3445 gnitis
182 3356 274 3438 luba,
299 3380 365 3423 eum
388 3361 448 3425 iam
471 3384 531 3425 uon
554 3362 643 3446 longe
666 3360 702 3424 ab
718 3357 861 3441 Scipione
882 3367 972 3438 atque
992 3355 1057 3418 eins
1073 3354 1196 3419 ducibus

74 3461 211 3541 abesset,
237 3463 317 3547 capit
341 3465 511 3542 consilinm,
536 3466 630 3528 satius
655 3483 723 3526 esse
744 3460 802 3524 sibi
825 3479 938 3542 suoque
954 3478 1048 3542 regno
1064 3456 1198 3521 subsidio

73 3565 139 3643 ire,
163 3584 271 3647 quam,
295 3567 363 3629 dum
386 3568 463 3632 alios
485 3568 641 3632 adiuturus
664 3565 924 3649 proficisceretur,
949 3562 1084 3645 ipsesno
1103 3578 1198 3645 regno

73 3666 219 3751 expulsus
234 3668 361 3732 forsitan
378 3681 503 3753 unaque
519 3691 554 3734 re
570 3669 783 3754 expelleretur.
830 3662 935 3749 ltaque
951 3683 1056 3727 rursus
1071 3683 1105 3727 se
1120 3658 1233 3728 reci-5

182 3843 192 3893 l
206 3842 314 3893 Labieni
328 3851 354 3894 et
367 3842 461 3894 Petreii
475 3860 500 3907 o,
517 3842 612 3894 Petreii
626 3851 652 3894 et
665 3843 774 3894 Labieni
788 3841 848 3892 edd.
954 3836 1048 3907 copiis]
1063 3838 1157 3889 castris
1171 3839 1197 3892 b.

181 3935 210 3970 se
223 3936 276 3970 om.
291 3936 308 3970 a
322 3921 336 3970 b
349 3936 372 3984 c,
387 3925 451 3971 ante
464 3921 545 3988 copiis
556 3927 664 3987 ponunt
678 3924 752 3972 ‘msa
761 3926 789 3971 et
802 3919 861 3971 edd.
876 3915 950 3984 qud?
1075 3916 1196 3982 lgrutia]

71 3999 187 4049 eansab.
293 3998 512 4063 bnequeem.b.
634 3997 870 4064 isubportatuso.
1052 4011 1099 4045 nec
1111 4009 1159 4060 per
1172 3996 1196 4044 b.

183 4078 199 4128 e
212 4091 312 4142 quoque
325 4092 384 4142 ego,
394 4093 495 4144 quoquo
508 4077 549 4144 (a)
563 4077 624 4129 edd.
639 4077 698 4142 (aed
709 4091 810 4143 quaque
823 4079 888 4124 oute
900 4073 988 4136 Ate).
1003 4074 1033 4124 Ρ.
1044 4074 1087 4125 ⁷2.

71 4154 221 4206 teuebnt—
229 4151 286 4218 (te)
295 4156 460 4220 premebatur
472 4171 489 4205 a
498 4156 512 4205 b
522 4170 544 4204 o.
652 4155 683 4207 12
692 4167 753 4218 sepe
763 4168 789 4201 a.
897 4149 994 4201 lidum
1007 4148 1085 4200 codd.
1096 4153 1123 4198 et
1134 4147 1195 4199 add.

70 4236 101 4286 Ρ.
118 4234 160 4286 te.
307 4233 338 4285 17
352 4235 405 4284 suis
418 4250 470 4284 em.
487 4235 511 4283 b.
658 4231 690 4280 18
704 4230 786 4279 Silius
798 4227 838 4293 (n)
851 4242 879 4275 at.
1019 4227 1134 4279 Boccbns
1146 4226 1197 4292 (a),

72 4314 184 4365 ‘Bocbns
196 4317 256 4365 niue
269 4313 386 4364 boccbos
400 4314 414 4363 b
429 4313 467 4374 o'‚·
482 4311 583 4362 Bocbns
597 4325 624 4359 a.
729 4306 763 4361 20
777 4302 1000 4372 opulentissimum
1014 4304 1071 4354 eins
1083 4305 1157 4367 regui
1169 4321 1196 4369 a,

70 4395 128 4446 eius
140 4392 215 4459 regui
228 4392 454 4460 opulentissimum
469 4388 529 4441 edd.
641 4387 673 4440 ut
689 4386 797 4436 adortos
810 4410 845 4422 -
856 4383 926 4449 capit
937 4398 954 4432 c
968 4383 1005 4447 (is
1018 4383 1130 4448 edoctis)
1146 4384 1160 4433 b
1173 4400 1195 4445 r,

71 4470 159 4520 adorti
171 4498 203 4507 -
217 4469 325 4536 capiunt
337 4484 364 4518 a.
379 4468 410 4518 P.
417 4467 461 4520 23.
565 4466 599 4516 22
612 4462 786 4514 conditionem
799 4460 847 4527 (a).
956 4457 1039 4512 ferret
1050 4475 1077 4521 o,
1091 4457 1199 4508 offerret

71 4551 103 4613 b3
114 4548 215 4600 terrent
227 4565 255 4599 u.
362 4542 467 4613 oppido]
476 4545 567 4612 oppidu
581 4547 644 4594 autc
657 4556 728 4593 cerr.
737 4558 765 4592 o·
870 4539 902 4595 21
910 4538 1134 4601 conditionemque
1148 4538 1199 4598 ta.)

181 4629 214 4682 ut
228 4643 258 4679 eo
272 4643 288 4678 o
303 4628 329 4690 b,
344 4626 383 4678 eis
396 4641 424 4675 a.
544 4620 678 4674 interlecti
692 4626 754 4672 tunt
767 4621 791 4672 b.
904 4633 1057 4687 progressus
1070 4631 1088 4666 α
1101 4615 1126 4678 b,
1140 4628 1199 4678 pro·

70 4705 191 4770 gressio.
298 4701 687 4767 tidestititnbdesistuntu.
792 4698 957 4766 ttpnlsnsb.
1063 4706 1197 4746 scema.
