2646 5124
609 62 725 139 equites
754 64 872 132 barbari
901 74 1034 161 leuisque
1063 107 1134 151 arun

549 155 591 222 52
606 158 796 229 dimicabant.
838 168 953 239 Caesar
968 181 1005 242 ab
1022 206 1058 247 eo
1074 210 1134 271 ope,

604 270 704 323 castra
719 268 894 352 reduceret,
919 301 1029 365 magno
1050 290 1134 355 incur

601 368 719 427 matura
734 362 820 449 tuta,
847 372 963 463 Scipio,
987 383 1134 459 Labienus

564 454 727 543 2Equites
743 464 925 545 Caesariani
943 487 975 550 ui
997 492 1134 561 uniuersa

598 562 675 645 pulsi
697 588 857 661 parumper
878 604 1049 659 cesserunt.
1096 596 1134 683 Qu

563 658 583 723 3
597 660 740 755 Namque
751 671 869 746 Caesar
884 708 924 753 ex
941 694 1039 761 medio
1054 700 1134 769 itiner

599 766 706 837 silium
730 780 816 861 tutin
841 790 958 870 equites
980 809 1079 865 autem
1101 807 1134 869 ad

596 874 695 939 uersis
711 882 795 963 equis
810 887 843 950 iu
857 888 1007 963 Numidas
1022 906 1126 987 cupide

595 970 733 1043 fecerunt
747 995 838 1069 atque
853 1012 906 1057 eos
921 1003 1134 1075 conuulneratc

556 1066 761 1163 dmuttusquc
784 1108 824 1153 ex
846 1092 886 1157 iis
907 1098 1134 1177 iuterfecerunt.

590 1186 674 1239 essct
688 1184 869 1271 coniectum,
894 1201 1050 1288 puluisque
1065 1227 1134 1279 uent

586 1286 649 1355 set,
672 1274 746 1347 luha
768 1308 835 1355 cum
857 1292 996 1369 Labieno
1019 1316 1097 1397 capti
1120 1320 1134 1382 i:

583 1379 794 1471 equitatusque
809 1414 876 1461 cum
891 1400 952 1469 leui
966 1426 1119 1484 armatura

548 1476 677 1549 desset.
713 1484 837 1561 Interim
855 1500 1072 1583 incredibiliter
1090 1544 1132 1590 ex

582 1584 653 1653 lites
677 1591 824 1680 diffugere
845 1610 952 1687 partim
973 1614 1005 1680 in
1026 1635 1124 1693 castra

542 1682 699 1769 dputerat
713 1700 854 1784 regiones
869 1720 1049 1804 peruenire3
1072 1729 1134 1797 iteu

576 1790 659 1870 pioni
675 1796 798 1884 eiusque
814 1812 909 1894 copiis
925 1825 1092 1907 complures
1106 1857 1134 1900 ss

518 1884 563 1954 58
661 1894 742 1963 Dum
758 1904 832 1970 traec
848 1913 960 1983 circum
977 1922 1111 2000 Vzittam

572 1998 639 2069 tur,
664 1996 800 2082 legiones
822 2011 918 2095 duae,
942 2032 1014 2090 xet
1029 2042 1117 2117 vuit,

673 2214 837 2290 30ΜἸθφῑῑ·
850 2247 877 2281 ¹³·
983 2247 1132 2308 taccideru

565 2281 590 2333 d·
702 2294 848 2352 duuunulti
864 2310 918 2352 aaut
933 2324 1078 2352 namn...
1100 2349 1104 2352 .
