2646 5124
469 621 616 692 CAPVT
636 621 792 691 ott-tr.
1185 624 1258 695 ott

65 800 223 889 cognoscit
236 818 273 863 ac
288 797 413 875 statuit3
438 816 548 880 repes,
573 807 736 880 tyrannos,
754 793 898 879 dynastas
914 794 1086 878 prouinciae
1102 797 1192 864 liniti·
1208 799 1228 863 5

62 928 149 983 anos,
167 902 217 987 qui
233 920 338 967 omnes
353 899 391 964 ad
406 919 474 963 eum
489 909 724 976 concurrerant,
741 907 878 981 receptos
893 896 925 961 iu
940 896 1027 962 iidem
1042 898 1195 964 condicio·

65 1009 153 1075 nibus
175 1004 315 1090 inpositis
338 1003 511 1087 prouinciae
536 1001 663 1066 tuendae
684 1023 720 1065 ao
736 1000 940 1065 defendendae
955 1000 1075 1067 dimittit
1090 1014 1120 1067 et
1135 1001 1193 1066 sibi

63 1121 96 1176 et
118 1109 223 1194 populo
249 1105 390 1171 Romano
413 1104 623 1169 amicissimos.
669 1100 779 1167 Paucis
802 1103 907 1167 diebus
928 1103 960 1167 iu
981 1123 1018 1167 ea
1040 1102 1193 1189 prouincia
1202 1103 1249 1177 bb

23 1227 41 1279 5
66 1210 250 1297 consumptis
267 1206 399 1273 Sextum
416 1204 600 1286 Caesarem,
618 1206 744 1270 amicum
761 1217 792 1271 et
808 1205 1011 1271 necessarium
1026 1227 1132 1288 suum,
1149 1207 1192 1274 lc·

66 1314 205 1400 gionibua
227 1309 396 1398 Syriaeque
418 1310 582 1395 praefecit,
614 1310 678 1393 ipse
702 1309 806 1373 eadem
828 1308 945 1387 classe,
969 1329 1027 1392 qua
1050 1309 1229 1389 uenerat,2

64 1416 264 1501 proficiscitur
278 1415 310 1479 in
326 1410 479 1479 Ciliciam.
508 1410 603 1478 Cuius
620 1412 794 1496 prouinciae
809 1411 950 1474 ciuitates
966 1431 1071 1474 omnes
1087 1422 1194 1476 euocat

64 1518 219 1596 Tarsum,
243 1516 322 1599 quod
345 1516 483 1601 oppidum
498 1516 563 1579 lere
579 1514 671 1577 totius
688 1509 815 1577 Ciliciae
831 1511 1046 1576 nobilissimum
1064 1512 1193 1578 fortissi-

65 1637 207 1702 mumque
228 1629 287 1682 est.
317 1616 364 1683 lbi
384 1616 474 1681 rebus
490 1616 627 1681 omuibus
643 1616 818 1700 prouinciae
834 1625 865 1678 et
880 1615 1071 1680 finitimarum
1087 1612 1229 1679 ciuile-3

11 1734 39 1789 to
65 1733 129 1786 tum
153 1719 325 1785 constitutis
347 1720 507 1805 cupiditate
528 1717 736 1803 proficiscendi
757 1719 795 1781 ad
814 1717 924 1783 bellum
947 1718 1108 1801 gerendum
1132 1738 1193 1783 non

64 1825 178 1888 diutius
201 1833 335 1887 moratur
356 1822 534 1908 magnisque
553 1820 713 1885 itineribus
736 1839 790 1904 per
805 1815 1025 1904 Cappadociam
1046 1818 1229 1885 coniectisd

64 1926 184 1989 biduum
206 1922 357 1991 Muscas
384 1934 587 1989 commoratus
610 1919 745 1987 Comana
766 1925 870 2001 uenit,
902 1922 1139 1987 uetustissimum
1161 1933 1193 1988 et

65 2027 285 2093 sanctissimum
307 2029 339 2093 in
357 2023 548 2111 Cappadocia
562 2022 707 2090 Bellonae
730 2026 888 2109 templum,
910 2025 989 2107 quod
1013 2035 1096 2090 muta
1118 2024 1191 2089 reli·

63 2131 151 2213 giem
167 2129 293 2209 colitur,
318 2140 352 2194 ut
366 2129 509 2193 sacerdos
524 2129 590 2193 eius
606 2128 680 2192 deae
696 2128 870 2206 maiestate,
894 2127 1039 2210 imperio,
1058 2128 1192 2211 potentia

10 2243 39 2297 tlt
62 2232 212 2296 secundus
227 2254 246 2294 a
261 2252 334 2315 repe
349 2251 499 2296 consensu
514 2230 614 2314 gentis
630 2230 711 2293 illius
727 2228 885 2293 habeatur.
926 2225 961 2292 ld
978 2228 1088 2293 honrini
1104 2229 1225 2294 nobi-5

64 2334 180 2401 basimo
202 2332 369 2418 Lycomedi
387 2331 530 2419 liitbpnio
561 2330 763 2409 adiudicauit;
795 2329 843 2413 qui
872 2330 957 2412 regio
981 2326 1191 2414 Cappadocum

63 2456 181 2519 genere
204 2446 290 2499 ortus
312 2445 432 2520 propter
452 2436 610 2501 aduersam
628 2435 778 2497 fortunam
793 2431 940 2497 maiorum
956 2452 1079 2496 suorum
1094 2443 1192 2497 muta·

67 2538 240 2620 lienemque
261 2539 382 2623 generis
404 2539 470 2603 iure
492 2537 615 2603 minime
631 2534 720 2599 dubio
736 2544 888 2599 uetustate
903 2545 1002 2598 tamen
1017 2534 1191 2599 intermisso

62 2640 264 2705 sacerdotium
285 2642 315 2705 id
336 2640 503 2726 repetebat.
535 2638 639 2704 Fratri
662 2648 761 2702 autem
782 2636 1000 2702 Ariobarzanis
1021 2637 1188 2717 ariarathi,
1205 2636 1227 2702 6

10 2753 40 2809 to
65 2765 132 2808 cnm
147 2741 224 2808 bene
239 2743 365 2809 meritus
381 2753 505 2826 uterque
521 2763 624 2806 eornm
639 2741 676 2805 de
691 2740 843 2824 republica
859 2751 959 2820 esset,
984 2761 1023 2805 ue
1038 2750 1089 2804 aut
1104 2739 1191 2827 regui

63 2846 233 2911 baereditas
242 2844 426 2909 Ariarathen
441 2844 631 2919 sollicitaret,
644 2854 697 2908 aut
713 2843 819 2908 haeres
834 2844 920 2927 regui
937 2853 1066 2909 terreret
1076 2889 1189 2907 ......

62 2946 269 3013 Ariobarzani
283 2947 441 3026 adtribuit,
459 2948 508 3031 qui
522 2947 578 3011 sub
593 2947 658 3011 eius
674 2947 798 3031 imperio
813 2968 849 3011 ac
864 2947 982 3033 dicione
997 2957 1090 3012 esset.
1121 2943 1191 3033 lpse

62 3051 123 3115 iter
138 3049 287 3134 inceptum
303 3049 393 3115 simili
409 3049 569 3115 uelocitate
585 3050 732 3114 conficere
748 3050 857 3134 coepit.
883 3044 960 3115 Cum
976 3051 1097 3135 propius
1108 3048 1190 3117 Pou-
1203 3051 1247 3121 d'i

63 3164 126 3217 tum
141 3153 274 3236 lineaque
289 3149 518 3236 Gallograeciae
532 3152 727 3229 accessisset,
745 3150 918 3230 Deiotarus,
937 3152 1103 3217 tetrarches
1117 3151 1189 3219 Gal-

9 3266 38 3321 ts
61 3254 233 3338 lograeciae
249 3265 319 3320 tune
334 3256 453 3339 quidem
468 3276 562 3339 paene
579 3255 689 3332 totius,
715 3254 792 3338 quod
808 3255 835 3317 ei
852 3273 948 3336 neque
963 3252 1078 3336 legibus
1094 3274 1192 3337 neque

63 3357 197 3423 moribus
213 3377 390 3423 conoessum
405 3378 475 3423 esse
491 3358 584 3422 ceteri
597 3356 767 3421 tetrarchae
780 3355 1012 3433 contendebant,
1023 3355 1089 3419 siue
1102 3354 1191 3420 dubio

63 3470 163 3525 entem
179 3480 239 3527 rex
253 3460 417 3527 Armeniae
432 3460 556 3527 minoris
572 3460 609 3524 ab
625 3470 733 3525 senatu
747 3458 925 3543 appellatus,
937 3456 1083 3540 depositis
1098 3457 1191 3542 regiis

62 3561 231 3646 insignibus
246 3584 344 3648 neque
361 3575 474 3629 tautum
491 3563 608 3647 priuato
624 3563 754 3638 uestitu,
778 3560 832 3627 sed
848 3560 938 3625 etiam
953 3581 1073 3625 reorum
1090 3559 1190 3625 habitu

61 3666 191 3750 supplex
205 3668 243 3731 ad
259 3663 422 3733 Caesarem
439 3667 523 3732 uenit
536 3679 672 3747 oratum,
692 3676 724 3729 ut
739 3665 797 3729 sibi
813 3664 996 3747 ignosceret,
1014 3666 1091 3747 quod
1105 3665 1139 3729 in
1153 3685 1191 3731 ca

173 3857 183 3907 l
201 3856 319 3907 tirannos
333 3856 450 3907 dinastus
463 3874 489 3908 a.
648 3857 770 3908 finitimos
786 3854 1002 3921 Oudendorpias,
1017 3854 1191 3923 finitimosque

61 3930 151 3985 codd·
258 3932 512 3986 beoncnrrerentb.
624 3933 818 3985 conditionibus
832 3932 882 3999 (a).
999 3932 1189 4000 dispositiso.

173 4012 187 4061 5
202 4010 308 4061 Sextum
320 4029 348 4078 a,
363 4012 424 4065 Sex.
439 4029 467 4064 n.
573 4013 726 4079 bpruclecit
737 4029 754 4064 a
769 4015 842 4063 ‘msa
857 4016 884 4061 st
896 4011 957 4063 edd.
971 4011 1055 4078 prust,
1071 4013 1191 4078 praeficit

59 4102 89 4139 s.
198 4087 503 4153 aopptaamestterea.
610 4088 783 4155 deluitatum]
797 4088 931 4153 regionum
945 4087 970 4137 b.
1078 4087 1191 4139 llueuit

58 4168 125 4229 post
137 4162 252 4213 Comana
270 4169 366 4230 porat,
381 4182 434 4217 orn.
449 4183 465 4217 α
480 4168 494 4216 1
508 4166 650 4228 cidem·
664 4171 730 4216 cate
743 4166 857 4215 Comana
868 4166 949 4228 ponit
962 4178 990 4214 a.
1096 4164 1190 4216 lima·

59 4242 171 4303 iactate]
183 4242 266 4305 magis
278 4258 295 4291 a
310 4243 324 4294 b
337 4258 351 4294 c
363 4244 379 4295 1
391 4244 460 4296 dett.
603 4243 634 4294 15
648 4242 745 4293 bomini
758 4255 812 4291 om.
829 4241 854 4289 b.
990 4238 1021 4291 ld
1034 4239 1148 4293 Bitlriuio
1160 4258 1188 4293 a.

170 4317 299 4370 iudicauit
312 4320 337 4370 b.
466 4318 647 4386 Cappadociae
659 4331 781 4383 suprase.
797 4324 854 4367 ctrnr
868 4329 896 4363 α.
1021 4314 1190 4370 19111111-

59 4393 195 4447 Arisratlri
213 4412 231 4447 o
250 4398 316 4449 ‘msa'
332 4397 431 4450 omass'
446 4403 561 4464 practer·
577 4396 693 4459 Μαι,
715 4394 824 4447 tratrem
837 4421 869 4431 —
881 4391 1038 4445 Ariarathen
1051 4409 1080 4447 a.

58 4471 93 4527 21
108 4471 259 4526 haereditas
271 4475 322 4541 (a),
336 4491 390 4527 aaa
405 4474 494 4527 bared.
634 4472 739 4535 (lusores
751 4472 804 4539 (cl)
816 4470 934 4523 bomines
948 4470 973 4519 b.
1100 4471 1190 4525 haers-

58 4552 430 4617 aamcgoaotsus'.P.2dd.
529 4548 736 4607 22sdtribnita.
841 4547 1003 4615 ditione(s).
1103 4547 1189 4604 2din·

58 4636 162 4695 ceptam
173 4644 188 4678 e
199 4630 214 4681 5
227 4630 316 4697 uasa,-
330 4637 434 4699 ceptum
447 4645 473 4694 a,
489 4636 608 4697 coeptum
620 4627 671 4695 (b).
796 4633 875 4695 ponte
887 4628 952 4677 aare
965 4639 1037 4677 corr.
1050 4638 1078 4677 a.

57 4705 303 4759 biterriarelreas.
411 4708 444 4764 25
457 4721 562 4774 pensu.
669 4702 803 4770 biregiia]
817 4700 928 4769 reples.
1030 4699 1187 4757 nunna.

957 4780 1024 4847 ,p
