2646 5124
168 117 205 178 (i.
225 118 277 185 :ttt
296 118 315 177 ἴ)
333 130 412 177 rrrlr
430 114 610 178 liiurrouius
627 128 655 176 rt
674 115 843 178 liotornuno

82 224 240 282 rtiuntuum
260 222 299 289 lit,
321 223 416 303 ‘rapti
435 221 568 282 hominos
595 220 768 300 equitesque
787 222 854 301 prot

81 326 148 386 dum
172 323 390 385 contenderunt
413 324 558 408 ‘equique
572 326 591 383 ⁹.
624 320 666 385 lis
684 318 848 385 Oberlinus

79 423 140 503 ΙΧ,
159 423 211 503 19,
237 424 287 488 ubi
303 425 376 488 baec
391 426 503 510 scripte
518 436 607 490 sunt:
634 427 711 510 ‘ipse
726 426 862 489 truieciss

80 528 128 592 nis
143 524 373 605 Macedonibus,
396 550 457 593 non
480 530 547 613 plns
569 528 692 613 triginta
707 527 826 591 milibus
842 526 866 589 h.

81 629 341 713 milibnsequitum
349 629 723 695 meximeTbesselorum'.
747 628 820 692 Non
837 630 870 691 di.

82 733 197 817 equites
212 732 248 796 ab
264 732 434 798 bominibus
451 744 599 817 tamquam
616 734 775 817 peditibus,
793 733 822 795 id
833 755 872 816 qu

81 837 190 901 iecisse
203 835 377 912 credebant,
393 837 445 899 sed
455 846 619 902 ueteranos
629 834 812 901 Macedones
827 835 864 899 nb

164 938 313 1003 Extrema
329 940 417 1003 buius
433 939 501 1002 libri
516 940 557 1002 ito
573 938 605 1001 in
621 937 757 1003 omnibus
774 939 837 1001 fere
861 960 883 1021 oq

81 1055 167 1108 sunl:
195 1038 350 1124 ‘Quarum
372 1042 538 1106 cohortium
564 1040 673 1106 milites
695 1051 818 1126 postero
834 1040 881 1105 die

80 1146 271 1230 conspicatus
286 1166 372 1209 suom
387 1164 455 1209 esse
472 1145 648 1229 praedicans
664 1145 803 1229 praedem
821 1165 889 1229 mag

47 1244 59 1255 '
79 1248 208 1312 interfici
225 1248 325 1326 iussit,
342 1268 453 1331 paucos
468 1246 581 1311 electos
596 1247 627 1311 in
643 1268 769 1331 regnum
785 1248 894 1312 remisit

80 1351 166 1414 tidem
182 1350 218 1412 ab
234 1370 271 1413 eo
286 1350 363 1413 laedi
379 1359 559 1431 quereretur
573 1370 670 1432 neque
685 1352 830 1415 resistere
845 1350 899 1414 uod

80 1450 219 1536 oppidum
242 1460 348 1516 uectus
370 1452 621 1535 prosequentibus
645 1454 847 1538 compluribus
863 1474 900 1515 set

79 1575 204 1619 numero
218 1565 284 1619 erut
300 1550 370 1621 Ser.
381 1551 534 1639 Sulpicius
549 1566 580 1619 et
594 1553 731 1620 Licinius
744 1554 900 1642 Damasipp

80 1678 155 1743 quse
170 1658 237 1723 tori
251 1660 362 1737 uellet,
386 1655 495 1723 Vticae
510 1658 667 1722 constituit
681 1670 771 1742 utque
787 1660 900 1744 impera

80 1773 148 1846 post
169 1762 272 1847 paucis
295 1783 329 1828 sc
351 1763 385 1827 in
406 1782 533 1848 regnum
550 1782 615 1826 com
632 1762 769 1826 omnibus
785 1764 879 1848 copiis
895 1786 900 1827 t

80 1862 900 1950 distinguendsesse,utuerba‘cumVerus-noderet

82 1965 279 2047 sequentibus
301 1967 556 2050 adiungerentur,
589 1968 703 2030 monuit
727 1964 900 2053 bluduigius

80 2060 142 2129 Sed
156 2066 236 2130 inira
250 2067 351 2151 inepte
366 2065 469 2151 poucis
486 2066 588 2132 diebus
603 2066 677 2133 lube
700 2072 844 2154 quaedam
867 2092 900 2133 oo

79 2188 175 2251 seque
189 2177 258 2253 post
272 2170 374 2252 paucis
388 2172 541 2252 protectus
556 2192 624 2235 esse
640 2172 768 2250 licitur,
793 2174 880 2257 qussi
897 2181 900 2226 t

79 2280 128 2334 set
149 2280 203 2334 aut
222 2270 371 2354 potuisset
392 2282 451 2335 tom
476 2273 567 2337 anxie
593 2284 624 2337 et
648 2296 742 2358 paone
765 2278 866 2360 putide
891 2287 901 2339 t

78 2369 189 2434 ultimis
213 2371 315 2437 diebus
337 2373 409 2433 nitito
433 2396 499 2418 ow
532 2399 536 2401 Α
599 2377 617 2392 ··
