2646 5124
558 585 812 657 coartantes
1237 596 1303 666 ttt

123 767 260 835 titudinis
283 786 320 829 ao
349 762 462 849 teporis
483 763 577 829 libros
599 762 691 850 legit,
721 765 780 828 nisi
805 765 854 847 qui
874 775 906 828 et
926 766 1060 830 earmina
1082 771 1244 835 eorundem

117 873 257 937 miretur.
365 916 369 921 -

572 992 630 1036 nuo
644 992 787 1037 aurursus.

210 1078 291 1145 Gett.
310 1077 364 1158 V,
382 1074 442 1142 13:
473 1074 687 1153 lucratione,
714 1098 800 1159 quam
824 1098 877 1161 pro
900 1073 1042 1161 Bithynis
1065 1077 1159 1155 (lixit,
1189 1076 1245 1144 ltoe

82 1198 100 1249 tt
122 1182 269 1269 principio
287 1202 362 1246 usus
377 1192 442 1247 estu
468 1176 539 1245 ‘Vel
554 1200 609 1265 pro
624 1180 754 1262 hospitio
769 1180 851 1263 regis
866 1179 1043 1244 Nicomedis
1060 1180 1108 1244 uel
1124 1202 1177 1265 pro
1193 1180 1246 1246 ho-

120 1308 187 1351 rum
202 1285 395 1365 necessitate,
406 1306 532 1370 quorum
547 1304 597 1349 res
609 1283 720 1368 agitur,
732 1282 873 1367 defugere
886 1283 941 1346 ltoc
954 1304 1074 1361 munus,
1085 1280 1129 1347 Μ.
1139 1280 1244 1364 lunce,

120 1412 180 1455 non
195 1391 290 1475 potui.
314 1387 397 1453 Nam
412 1408 510 1473 neque
524 1387 675 1452 hominum
691 1395 787 1449 morte
805 1385 946 1449 memoria
958 1387 1050 1451 deleri
1064 1385 1163 1464 debet,
1175 1388 1246 1470 quin

121 1515 139 1556 a
158 1493 308 1579 proximis
327 1493 513 1571 retineatur,
536 1509 634 1573 neque
655 1488 782 1552 clientes
799 1488 864 1552 sine
880 1511 994 1553 summa
1011 1490 1131 1553 infamia
1147 1491 1247 1555 deseri

121 1607 259 1679 possunt,
269 1595 376 1679 quibus
391 1595 481 1661 etiam
496 1616 514 1659 a
529 1593 703 1678 propinquis
718 1592 829 1655 nostris
846 1612 931 1675 opem
946 1594 1026 1656 lerre
1037 1592 1243 1657 instituimus'.

61 1708 99 1762 tu
208 1698 272 1762 tut.
289 1696 449 1783 Rufiniun.
460 1720 497 1784 p.
514 1696 576 1762 201
593 1695 739 1759 ΒαΙιηΙε.ε
765 1690 882 1757 Caesar
897 1717 950 1778 pro
967 1692 1125 1782 Bitltynis:
1152 1692 1245 1777 ‘Quid

124 1802 219 1885 ergo?
233 1799 422 1888 syngraphae
437 1822 498 1865 non
513 1802 604 1864 sonti
619 1796 680 1864 Setl
695 1819 746 1862 res
762 1800 860 1862 alienu
876 1798 945 1862 est'.

272 1926 305 1966 mr
319 1925 346 1965 c.
363 1924 505 1967 usuurvu
520 1924 557 1965 er
572 1926 601 1965 u.
620 1922 764 1965 nourrrvu
778 1922 945 1966 rnueronns
962 1904 1007 1983 (u.
1026 1898 1094 1983 58).

203 2004 332 2070 Sueten.
353 2006 444 2070 Caes.
461 2004 524 2069 23:
550 2002 683 2068 Functus
699 2007 857 2068 consulatu
874 2001 911 2067 C.
930 2002 1074 2066 Memmio
1088 2000 1244 2086 Lucioque

122 2105 252 2171 Domitio
270 2106 467 2191 praetoribus¹
477 2109 513 2171 tle
528 2106 691 2191 superioris
707 2108 775 2170 anni
792 2107 868 2170 actis
883 2106 1084 2169 referentibus
1100 2105 1247 2189 cognitio·

64 2219 98 2272 ta
119 2230 186 2273 nem
202 2210 324 2273 senatui
340 2210 444 2273 tletulit
460 2229 517 2275 nee
531 2209 583 2273 illo
598 2208 781 2293 suscipiente
796 2211 952 2292 triduoque
968 2229 1021 2292 per
1035 2209 1137 2271 irritas
1153 2208 1244 2272 alter·

119 2313 256 2377 cationes
273 2311 427 2395 absumpto
442 2313 474 2375 in
490 2313 670 2396 prouinciam
687 2313 772 2375 abiit.

209 2414 320 2478 Schol.
336 2414 415 2479 Boo.
433 2416 467 2478 ἐι
481 2414 562 2479 Sest.
579 2436 616 2500 p.
633 2412 698 2478 297
718 2412 795 2477 Oen:
830 2413 875 2477 tto
897 2416 972 2478 actis
995 2414 1144 2498 loquitur,
1169 2436 1245 2498 quae

123 2516 229 2580 babuit
249 2517 281 2580 in
295 2517 454 2581 consulatu
470 2512 509 2581 C.
527 2514 643 2582 Caesar
658 2518 862 2601 inauspicato,
887 2529 918 2580 ut
934 2518 1110 2598 uidebatur3
1134 2540 1192 2601 qua
1207 2520 1244 2584 tle

122 2640 157 2682 re
179 2619 413 2685 aduersus‘eum
436 2629 562 2706 egerant
583 2621 614 2683 in
636 2632 743 2684 serrato
756 2616 794 2683 C.
813 2618 974 2684 Memmius
990 2632 1020 2684 et
1034 2618 1073 2683 L.
1093 2618 1243 2687 Domitius

56 2732 96 2787 2⁰
119 2733 294 2805 praetores,
312 2735 343 2787 ot
359 2723 451 2807 ipsius
467 2719 612 2788 Caesaris
627 2720 778 2787 orationes
794 2733 897 2786 contra
915 2724 968 2786 ltos
985 2733 1109 2803 extant,
1134 2727 1245 2812 quibus

121 2835 155 2887 et
169 2845 223 2887 sua
238 2836 305 2889 acta
320 2826 454 2891 defendit
466 2839 499 2891 et
512 2828 581 2891 illos
595 2826 772 2890 insectatur.

207 2925 292 2992 Eud.
309 2929 343 2991 in
358 2928 470 2994 Vutin.
489 2952 524 3015 p.
541 2926 622 2992 3172
654 2925 856 2993 Commiserat
877 2929 993 2994 senatui
1016 2951 1136 2994 causam
1159 2952 1244 2996 suam

122 3025 162 3093 ss.
181 3025 313 3105 Caesar,
330 3031 359 3094 it
374 3042 439 3110 est,
457 3043 492 3096 ut
505 3034 542 3096 tle
559 3033 625 3117 lege
640 3032 758 3117 agraria
776 3044 874 3116 patres
891 3033 1069 3097 iudicarent.
1107 3032 1149 3097 lbi
1165 3038 1244 3100 enim

121 3133 240 3199 habitae
255 3146 324 3197 sunt
343 3144 405 3199 tres
420 3134 491 3199 illae
506 3136 658 3225 orationes
674 3145 779 3198 contra
795 3134 956 3200 Domitium
974 3148 1005 3197 et
1021 3135 1207 3199 Memmium.

58 3247 96 3299 25
206 3236 333 3300 Sueten.
356 3236 448 3302 Caes.
466 3239 525 3303 7³:
551 3235 589 3302 C.
609 3236 754 3317 Memmii,
772 3242 856 3303 cuius
872 3236 1043 3319 asperrimis
1059 3238 1244 3302 orationibus

121 3359 181 3401 uun
205 3340 320 3402 minore
337 3341 501 3405 acerbitate
518 3344 732 3426 rescripserat,
757 3345 845 3405 etiam
862 3340 1044 3422 sullragator
1059 3360 1130 3401 mox
1147 3340 1178 3402 in
1195 3361 1244 3424 pe-

121 3440 228 3504 titione
244 3444 416 3506 consulatus
434 3443 500 3506 tuit.

405 3568 483 3609 arvo
496 3569 615 3611 nrurrns
632 3572 667 3612 nn
684 3568 831 3611 consonus
848 3565 956 3607 nonvu.

208 3644 353 3709 Diomed.
367 3668 402 3733 p.
421 3646 483 3712 395
499 3648 556 3712 P.:
588 3649 717 3714 Frustro
739 3652 782 3712 ait
798 3646 835 3711 C.
855 3644 971 3711 Cacsar
993 3647 1068 3731 apud
1086 3646 1192 3713 milites
1209 3647 1245 3714 dc

58 3755 94 3808 at)
119 3747 284 3811 commodis
299 3769 420 3813 eorum:
441 3748 524 3814 ‘Nou
541 3755 689 3818 lrustrabo
707 3776 773 3830 uoS‚
792 3748 923 3815 militrs'.

232 4022 481 4091 iteporisLt'pat'ua,
497 4029 620 4094 temporis
634 4029 711 4079 codd.
816 4031 969 4082 imirantur
982 4028 1134 4078 Lentiensis.

120 4095 287 4165 elnonense,
296 4104 373 4153 uince
382 4107 473 4171 regius
482 4123 491 4154 .-
500 4103 585 4155 Vioici
597 4104 722 4172 Trystus,
731 4105 791 4156 Vini
801 4108 854 4156 lor.
867 4107 1029 4155 Groumu'us.
1128 4102 1243 4175 imorte]

117 4172 281 4229 Nicomedes
292 4179 364 4229 ulriit
376 4194 402 4229 u.
417 4180 460 4231 75.
600 4184 615 4233 9
629 4196 644 4231 n
657 4185 806 4249 propinquis
820 4198 892 4247 opem
909 4181 978 4229 terre
993 4178 1084 4228 eudem
1098 4183 1125 4229 et
1136 4185 1245 4235 ratione

119 4256 148 4301 el
158 4257 297 4305 sententie
307 4254 413 4307 dieitur
423 4262 507 4322 atque
518 4274 535 4307 a
547 4261 711 4324 propinquis
720 4258 872 4325 defundere.
884 4258 1029 4319 Perpcrum
1038 4256 1102 4304 nnec
1112 4261 1243 4324 temptata

119 4338 194 4382 sunt.
331 4335 362 4386 tt
377 4336 423 4403 Cs.
437 4336 547 4388 Sttetcn.
561 4336 664 4389 Neron.
678 4339 705 4389 2.
835 4336 869 4385 tc
882 4334 973 4400 quibus
990 4332 1079 4385 tratur
1091 4338 1241 4402 suppleuit.

228 4410 317 4477 attat]
328 4412 352 4463 bi
363 4414 424 4464 cod.
530 4418 563 4467 2l
574 4416 618 4466 ille
632 4416 690 4466 cod.
799 4414 833 4467 28
842 4415 978 4464 lrrmerr'lo
992 4414 1056 4462 lucr
1069 4414 1105 4464 nd
1117 4417 1244 4469 altarum-

117 4492 211 4541 utrutu
224 4492 384 4542 orationum
396 4493 464 4559 apud
474 4493 571 4543 milites
580 4495 605 4544 in
615 4494 739 4560 llispania
749 4493 788 4556 (p.
797 4495 856 4551 tat,
864 4492 891 4555 8)
899 4492 986 4542 relato
995 4497 1067 4555 stent,
1076 4500 1241 4556 praesertim

118 4581 180 4614 eum
198 4566 265 4616 naec
282 4572 374 4621 oratio
391 4571 483 4621 uternis
502 4571 534 4621 de
551 4573 691 4622 commodis
712 4586 801 4620 corum
820 4570 886 4621 datu
899 4585 981 4635 opera
994 4571 1027 4620 ult
1041 4571 1100 4619 r'llr's
1112 4569 1245 4634 distingui

117 4643 257 4694 uideatur.
