2646 5124
624 84 924 148 ——3o—

10 252 90 287 ’ν’-’Ἴ
124 264 135 299 t
233 241 331 315 66611.
351 250 443 325 1111,
464 255 561 335 prael.
581 257 610 333 ξ.
628 252 729 317 tart
758 278 785 316 c
805 257 842 331 4,
861 256 891 317 3.
910 255 970 325 36
993 260 1020 322 1.
1039 261 1098 332 38
1116 264 1147 327 3.
1167 267 1227 342 llll,
1249 272 1320 337 llic

21 363 68 424 ¹¹:
110 364 140 511 1,·
229 348 267 433 11,
288 353 425 419 Suetonm
444 351 539 419 Caes
564 353 618 419 56.
657 354 801 421 Similiter
825 356 936 423 Strabo
951 360 1041 445 {tp
1059 366 1122 429 ’267
1140 369 1262 431 .·.lllm
1238 396 1309 441 ono

15 459 113 512 ταῖς
219 450 367 543 μγίμαω
390 458 535 542 appellat.
567 456 681 522 Verum
703 458 884 523 Plutarchus
901 457 991 526 Caes
1013 465 1057 527 22
1077 472 1317 557 qupaepr'tiocc

13 570 115 645 qne:-
214 560 354 679 Appiarqus
370 558 415 642 (Ι,
434 581 463 644 p.
482 556 527 623 ott
542 556 685 646 Schweig
687 561 716 623 6.
727 563 741 645 )
758 583 861 645 parum
876 575 945 648 apte
961 566 1018 629 boc
1032 588 1141 633 nomen
1158 573 1323 639 distrahor.

10 687 101 729 ,5222
209 656 320 737 llphp’
295 658 510 749 avaypapoic
522 664 590 729 cciv
603 664 815 749 coapti'paa
795 688 904 750 spymr
920 668 1076 731 dixerunt.
1106 668 1137 734 16
1154 671 1256 739 Latini
1272 698 1313 741 ex

11 774 66 835 ἧς
91 824 96 831 ,
207 774 306 830 tramae
327 765 522 847 antiquitatis
544 765 750 829 imitatisuut.
781 765 861 829 Nam
879 765 1141 855 Srmmaclmsep.
1159 772 1216 853 lV,
1236 778 1306 843 186

10 898 96 939 ncta
202 864 559 933 Protatliumsicscribit:
579 838 1319 943 ‘PriscaeGallorumniemoriastlelerriinmanu

13 981 94 1044 Μ
202 980 258 1035 tras
272 971 428 1055 postulas.
468 968 607 1034 11666166
627 968 770 1035 Patauini
792 972 950 1054 scriptoris
965 985 1123 1049 extrema,
1147 977 1253 1057 quibus
1276 1000 1321 1043 re:

49 1409 100 1450 czar
195 1381 252 1461 quid
269 1379 328 1443 tuit
346 1378 381 1441 in
397 1378 533 1441 moribus
548 1389 602 1441 aut
616 1378 731 1463 legibus
753 1376 919 1441 Galliarum
941 1380 1082 1443 docebit'.
1113 1379 1322 1449 ldemoomcn

66 1497 69 1501 '
94 1492 103 1549 ·.’
194 1482 287 1565 optimi
304 1492 339 1545 et
354 1481 562 1563 antiquissimi
577 1481 696 1544 codices
712 1475 875 1555 Caesaris,
900 1481 1007 1566 quibus
1031 1483 1087 1545 soli
1110 1494 1179 1547 octo
1202 1484 1269 1548 libri
1286 1486 1323 1549 tl«

10 1582 15 1635 ἰ
55 1624 69 1645 ·.
195 1582 262 1649 bello
278 1582 403 1649 Gallico
420 1584 629 1658 mutilentur,
654 1582 685 1644 io
702 1581 785 1645 calce
801 1582 997 1665 subscriptum
1014 1583 1125 1647 babent
1141 1586 1196 1649 hoc
1213 1588 1319 1651 modo:

41 1682 49 1693 ⁴
195 1682 241 1750 ⁴C.
257 1686 423 1763 Caesaris,
441 1695 526 1770 pont.
544 1706 640 1762 max,
658 1684 825 1767 ephemeris
840 1705 941 1748 rerum
956 1698 1109 1769 gestamm
1126 1687 1195 1751 belli
1211 1686 1322 1752 Gallici

39 1782 49 1793 ”
82 1814 98 1851 a
196 1787 266 1853 liber
278 1785 358 1851 Vlll
373 1787 526 1872 explicit'.
557 1785 642 1850 llaec
656 1788 733 1850 caim
750 1788 892 1869 leguntur
906 1789 936 1849 iu
953 1786 1092 1851 Parisino
1110 1790 1215 1871 primo,
1233 1808 1321 1871 quem

196 1891 316 1955 eundem
331 1908 404 1955 esse
420 1902 511 1975 atque
526 1888 750 1953 Floriacensem
772 1910 790 1951 a
812 1887 850 1952 P.
867 1888 996 1953 Darticle
1022 1890 1118 1952 uisum
1135 1889 1322 1953 demonstra·

193 1990 244 2071 bo,
263 1992 420 2059 vossiano
436 1994 552 2077 primo,
580 1990 790 2078 Egmomlano,
808 1990 1043 2055 Vratislauiensi
1060 1990 1175 2075 primo:
1199 2011 1269 2055 nam
1290 1992 1320 2055 in

192 2092 403 2181 Bongaraiano
419 2095 516 2179 primo
532 2104 668 2159 extrema
684 2115 753 2178 pars
769 2095 868 2157 oetaui
889 2094 957 2157 libri
981 2096 1081 2177 periit.
1114 2092 1205 2158 loitio
1220 2104 1319 2157 autem

194 2199 281 2263 totius
296 2197 441 2283 corporis
455 2209 486 2260 et
499 2198 532 2261 in
547 2198 585 2261 66
600 2198 763 2273 codicibus,
781 2218 855 2279 quos
870 2196 1036 2269 nominaui,
1054 2208 1176 2280 praeter
1192 2194 1319 2261 Vossia-

88 2284 95 2391 ξ
192 2320 255 2364 num
271 2300 424 2385 primurn,
440 2301 528 2363 cuius
543 2299 669 2383 primum
685 2299 785 2361 lolium
802 2299 907 2381 periit,
927 2308 957 2361 et
972 2300 1002 2361 iu
1017 2298 1156 2362 Parisino
1172 2300 1317 2373 secundo,

37 2392 43 2403 ’
82 2452 87 2497 5
194 2398 403 2487 Scaligerauo,
420 2399 564 2465 Leidensi
580 2401 686 2484 primo,
703 2400 733 2463 io
749 2401 855 2487 quibus
871 2422 975 2465 omncs
991 2404 1198 2466 commentarii
1214 2404 1318 2487 legun-

29 2490 35 2501 *
81 2500 90 2535 ²
148 2512 151 2517 “
193 2514 254 2578 tur,
278 2504 352 2568 libri
368 2500 440 2567 Gaii
455 2500 599 2567 Caesaris
622 2502 690 2566 belli
708 2500 817 2567 Gallici
839 2504 876 2566 tle
893 2506 1066 2568 narratione
1083 2516 1251 2589 temporum
1266 2526 1319 2590 ap·

194 2607 359 2689 pellantur.
404 2600 696 2669 Commentariorum
725 2627 833 2669 nomeu
856 2628 896 2669 cx
921 2606 1007 2670 bouis
1029 2608 1181 2671 codicibus
1203 2608 1234 2671 in
1258 2627 1318 2671 uno

192 2704 338 2773 Parisino
352 2706 464 2789 primo,
491 2706 569 2790 quotl
590 2709 703 2784 sciam,
728 2718 882 2772 seruatum
898 2719 945 2771 est
959 2719 1097 2771 extremo
1115 2710 1191 2770 libro
1208 2706 1269 2772 vlt
1283 2709 1320 2771 de

193 2807 271 2873 bello
282 2806 413 2887 Gallico,
430 2809 478 2874 cui
494 2809 568 2873 hacc
583 2809 747 2893 subscripta
765 2813 923 2892 leguntur:
943 2808 1190 2872 ‘commentarius
1205 2802 1321 2870 Caesa·

195 2910 236 2974 ris
248 2910 328 2975 liber
341 2910 487 2995 septimus
502 2911 647 2994 explicit’3
664 2912 769 2975 deinde
786 2912 817 2975 in
834 2911 1035 2975 deterioribus
1051 2909 1223 2991 quibusdam
1240 2919 1320 2993 post-

195 3012 307 3077 liminio
321 3014 495 3077 restitutum
512 3023 570 3077 est.
593 3010 822 3097 Ephcmeridcm
839 3025 938 3077 autem
954 3014 1141 3096 antiquiores
1156 3012 1319 3095 scriptores

197 3116 424 3201 appellauerunt
436 3114 586 3193 lihcllum,
608 3116 641 3179 in
657 3137 742 3198 quem
759 3120 892 3201 apposita
909 3119 956 3181 (lie
972 3118 1118 3180 rationem
1135 3114 1178 3177 rei
1196 3114 1320 3177 familia-

195 3220 236 3283 ris
249 3230 295 3296 et,
312 3218 340 3283 si
356 3216 425 3301 quitl
440 3216 521 3279 aliud
534 3219 695 3282 notandum
709 3218 842 3283 breuiter
854 3220 1020 3295 uidebatur,
1038 3216 1230 3293 reserebant3
1248 3216 1319 3279 item

71 3358 77 3388 ι
197 3320 419 3397 calendarium,
443 3339 503 3402 quo
523 3340 564 3384 ex
585 3340 696 3405 genere
711 3320 831 3385 iridetur
846 3323 939 3385 luisse
954 3320 1123 3405 ephemeris
1140 3316 1319 3381 a'l'crentio

71 3400 81 3427 ⁸
197 3422 338 3489 Varrone
354 3419 415 3488 Cn.
431 3418 575 3507 Pompeio
590 3424 722 3507 scripta,
745 3423 777 3487 in
797 3446 855 3506 qua
869 3424 1024 3487 inclinatio
1040 3422 1156 3486 Oceani
1176 3429 1206 3483 et
1220 3429 1320 3482 motus

196 3526 267 3590 atrii
285 3533 376 3589 erant
389 3524 538 3588 annotati.
575 3524 645 3590 vit.
660 3522 791 3589 Forcell.
818 3526 881 3589 lex.
905 3536 936 3589 et
951 3523 1092 3588 Schneid.
1118 3522 1154 3583 arl
1171 3519 1265 3586 Varr.
1288 3540 1318 3602 p.

74 3689 79 3702 ,
195 3626 267 3693 226.
309 3624 347 3691 ln
362 3626 410 3691 his
430 3626 525 3710 igitur
539 3628 660 3711 propria
674 3626 812 3690 uocabuli
827 3628 873 3690 uis
889 3638 1007 3690 retenta
1023 3635 1080 3689 est.
1119 3621 1321 3686 llistoriarum

72 3725 80 3791 i
196 3750 268 3795 uera
283 3729 379 3793 libros
394 3729 437 3793 ita
451 3739 571 3813 praeter
585 3728 796 3815 Symmachum
812 3738 843 3792 ct
856 3728 1062 3811 Apollinarem
1079 3723 1253 3799 Sidonium,
1269 3721 1321 3804 qni

194 3854 240 3917 ep.
255 3828 324 3909 IX,
348 3828 391 3895 14
406 3828 495 3895 Balbi
509 3832 728 3917 ephemeridem
744 3840 969 3909 commemorat,
986 3826 1149 3912 Septimius
1164 3827 1215 3890 ille
1230 3824 1319 3899 dixit,

195 3934 306 4001 bomo'
295 3944 435 4000 incertae
445 3936 566 4014 aetatis,
583 3936 636 4000 666
651 3944 735 3997 certe
747 3931 928 4019 Symmacho
940 3953 1002 3995 nort
1013 3932 1137 3993 multum
1154 3926 1321 4010 antiquior,

78 4110 85 4130 ,
194 4060 241 4122 qm
232 4037 481 4124 ephemeridem
498 4036 568 4103 belli
581 4034 707 4101 Troiani
723 4056 766 4103 ex
781 4032 900 4099 Graeco
922 4043 1042 4097 retenta
1058 4031 1178 4096 Graeca
1193 4023 1309 4109 appella

194 4141 275 4208 bone
296 4142 404 4207 uertit.
449 4138 553 4225 Atque
578 4151 612 4203 ut
632 4139 916 4205 commentariorum
936 4154 1047 4201 nomen
1069 4133 1129 4294 ipm
1150 4122 1321 4212 Symmach‘
