2646 5124
532 613 824 684 carvrr-to.
1235 620 1300 691 m

110 809 253 874 magnum
283 807 439 853 nnmerum
462 788 603 851 frumenti
626 807 695 852 esse
718 787 866 853 audiebat.
905 785 990 853 llaec
1013 789 1055 852 ita
1077 790 1279 877 imperabatd

114 892 298 976 unicuique,
314 890 357 953 ita
372 890 586 974 praecipiebat,
603 891 647 954 uti
662 891 727 955 lieri
742 915 804 955 nou
820 912 909 976 posse
925 910 1020 974 neque
1036 891 1132 957 locum
1149 916 1242 961 excu-

113 997 192 1061 satio
207 995 299 1058 ullum
315 993 440 1057 baberet
454 1013 511 1057 nee
526 1014 640 1055 moram
656 995 882 1077 tergiuersatio.
904 991 973 1077 lpse
987 994 1103 1060 interea
1118 1017 1160 1061 ex
1174 999 1278 1082 per-5

112 1097 193 1181 fugis
209 1108 240 1161 et
254 1096 362 1160 incolis
378 1094 507 1179 cognitis
524 1095 747 1160 condicionibus
766 1093 917 1180 Scipionis
933 1107 963 1159 et
979 1096 1111 1179 quicum
1128 1119 1164 1164 eo
1180 1101 1243 1166 bel·

78 1213 93 1265 6
118 1201 179 1264 lum
201 1209 306 1263 contra
327 1219 361 1262 se
382 1197 528 1282 gerebant
550 1197 687 1262 miserari
704 1199 833 1281 (regium
857 1199 936 1262 euim
959 1199 1123 1281 equitatum
1139 1198 1242 1288 Scipio

115 1322 157 1366 ex
179 1301 332 1386 prouincia
346 1300 451 1364 Africa
475 1299 589 1378 alebat)
609 1311 691 1364 tanta
707 1299 842 1365 homines
858 1322 926 1366 esse
942 1303 1110 1380 dementia,
1133 1315 1167 1367 ut
1181 1327 1245 1371 ma·
1294 1360 1308 1385 ,

112 1405 169 1470 lint
190 1404 273 1487 regis
289 1423 358 1468 esse
372 1402 557 1486 uectigales,
582 1423 669 1485 quam
684 1425 751 1466 cum
768 1403 885 1467 ciuibus
900 1404 932 1467 in
947 1403 1043 1488 patria
1058 1405 1090 1467 in
1105 1407 1167 1470 suis
1183 1409 1243 1471 for·

113 1507 195 1571 tuuis
218 1526 287 1570 esse
308 1505 485 1569 incolumes.
519 1501 635 1568 Caesar
659 1526 688 1568 a.
714 1506 743 1568 d.
761 1517 796 1568 tlt
811 1504 896 1569 Nou.
916 1504 982 1570 Ian.
1001 1517 1101 1571 castra
1123 1511 1279 1591 mouet39

115 1608 209 1693 Lepti
228 1628 286 1672 sex
308 1606 472 1671 cohortium
495 1606 647 1693 praesidio
670 1628 735 1670 eum
752 1605 886 1671 Saserna
908 1608 1014 1672 relicto
1037 1610 1101 1693 ipsc
1124 1631 1240 1693 rursus,

67 1722 91 1774 to
115 1712 196 1775 unde
211 1710 306 1795 pridie
322 1719 457 1786 uenerat,
466 1707 633 1793 Ruspinam
650 1729 716 1773 cum
733 1709 854 1793 reliquis
870 1711 963 1795 copiis
980 1713 1129 1776 conuertit
1141 1715 1242 1799 ibique

117 1813 247 1877 sarcinis
261 1812 412 1877 exercitus
428 1811 541 1875 relictis
557 1812 622 1895 ipsc
637 1832 703 1874 cum
719 1813 860 1895 expedita
873 1834 963 1876 manu
975 1814 1174 1897 proficiscitur
1184 1821 1243 1882 cir·

116 1934 182 1978 cnm
206 1915 293 1978 uillas
309 1915 520 1977 frumentatum
537 1913 751 1997 oppidanisque
765 1914 903 1998 imperat,
921 1926 954 1978 ut
968 1915 1083 1998 plostra
1096 1917 1243 1985 iumenta·

116 2036 174 2099 que
203 2017 303 2080 omnia
332 2025 510 2098 sequantur.
542 2012 647 2097 Itaque
677 2035 786 2098 magno
809 2036 933 2078 numero
956 2019 1095 2081 frumenti
1117 2020 1279 2086 iuuento2

115 2117 280 2202 Ruspinam
296 2119 387 2182 redit.
412 2116 480 2180 lluc
495 2136 564 2180 eum
578 2117 690 2180 idcirco
707 2118 847 2180 existimo
863 2118 1027 2202 recepisse,
1038 2130 1070 2182 ut
1082 2123 1242 2189 marituma

67 2233 94 2286 ta
114 2222 223 2307 oppida
245 2230 315 2303 post
336 2239 371 2284 se
396 2240 435 2283 ne
450 2239 547 2282 uacua
562 2219 746 2301 relinqueret
761 2220 967 2303 praesidioque
983 2223 1097 2284 firmata
1112 2225 1148 2287 nd
1164 2226 1242 2290 clas·

115 2325 174 2389 dm
187 2321 378 2406 receptacula
392 2322 532 2386 muniret.
557 2319 662 2405 ltaque
677 2321 717 2384 ibi
733 2320 840 2384 relicto
854 2319 890 2382 P.
901 2318 1048 2401 Saserna,
1059 2326 1153 2389 fratre
1164 2329 1241 2406 eius,
1254 2327 1299 2398 111

115 2446 205 2509 quem
219 2423 310 2508 Lepti
326 2422 460 2508 proximo
476 2425 581 2509 oppido
596 2425 778 2506 reliquerat,
795 2445 861 2486 cum
877 2424 996 2506 legione
1011 2423 1093 2487 iubet
1108 2447 1242 2511 compor-

116 2528 176 2592 tari
191 2528 272 2611 ligna
286 2528 318 2590 in
333 2526 469 2611 oppidum
486 2546 572 2610 quam
589 2526 715 2610 plurima
725 2550 734 2603 3
746 2527 810 2609 ipse
826 2547 892 2588 cum
908 2525 1081 2589 cohortibus
1096 2537 1242 2611 V11,quae
1256 2530 1280 2596 2

115 2650 157 2696 ex
171 2629 324 2695 ueteranis
340 2628 506 2715 legionibus
521 2628 554 2692 in
569 2629 666 2693 classe
682 2650 747 2692 cum
764 2624 898 2712 Sulpicio
913 2637 944 2690 et
955 2626 1078 2693 Vatinio
1093 2649 1157 2692 rem
1172 2652 1241 2716 ges·

67 2742 92 2797 to
114 2744 236 2810 serant,
261 2752 302 2796 ex
324 2731 431 2817 oppido
446 2730 585 2815 Ruspina
607 2752 747 2816 egressus
763 2730 962 2815 proficiscitur
976 2731 1014 2794 ad
1029 2742 1166 2814 portum,
1191 2734 1242 2816 qui

116 2836 203 2900 abest
224 2834 260 2899 ab
281 2834 386 2919 oppido
401 2834 482 2899 milia
499 2854 638 2917 passuum
654 2835 731 2908 duo,
755 2834 856 2916 ibique
871 2832 998 2897 classem
1013 2834 1067 2897 sub
1083 2855 1241 2920 uesperum

116 2958 184 3002 cum
200 2957 236 3001 ea
251 2936 335 3021 eopia
350 2936 532 3001 conscendit.
564 2932 709 3000 Omnibus
724 2936 756 3000 in
772 2937 910 3001 exercitu
924 2937 1027 3001 insciis
1043 2948 1072 3002 et
1087 2939 1242 3021 requiren·
1256 2938 1277 3004 3

114 3039 195 3104 tibus
216 3040 407 3124 imperatoris
430 3040 589 3104 consilium
612 3060 720 3124 magno
743 3051 823 3104 metu
846 3060 882 3103 ac
904 3038 1081 3104 tristimonia
1097 3041 1242 3107 sollicita·

113 3141 234 3207 bantur.
258 3138 358 3206 Parua
373 3141 453 3206 enim
468 3163 534 3205 cnm
551 3142 635 3225 copia
650 3153 682 3205 et
696 3162 732 3204 ea
748 3143 877 3205 tironum
894 3164 990 3223 neque
1007 3145 1088 3206 omni
1104 3145 1277 3226 exposimt

67 3257 90 3311 tt
112 3245 147 3311 in
155 3244 260 3309 Africa
276 3254 382 3309 contra
397 3265 521 3328 magnas
537 3245 638 3328 copias
654 3254 685 3306 et
699 3244 864 3307 insidiosae
879 3242 1011 3305 nationis
1022 3244 1242 3327 equitatumque

113 3347 360 3413 innumerabilem
389 3368 422 3411 se
445 3347 600 3430 expositos
630 3346 771 3411 uidebant
792 3364 889 3427 neque
911 3344 1067 3426 quicquam
1087 3344 1188 3408 solatii
1210 3347 1242 3410 in

114 3451 286 3538 praesentia
301 3471 398 3534 neque
413 3450 561 3514 auxilium
575 3451 608 3515 in
623 3471 745 3514 suorum
762 3445 888 3511 consilio
905 3446 1034 3508 animum
1044 3446 1242 3512 adnectebant

114 3553 176 3619 nisi
190 3554 223 3617 in
236 3554 329 3638 ipsius
343 3553 534 3638 imperatoris
550 3553 646 3632 uultu,
663 3552 769 3637 uigore
785 3547 971 3632 mirabilique
987 3548 1156 3614 hilaritate:
1175 3551 1241 3615 ani·
1255 3549 1275 3616 5

222 3760 393 3827 duodenique
406 3762 444 3812 ita
456 3776 483 3825 a,
497 3761 534 3812 itu
545 3761 686 3827 unicnique
699 3774 717 3810 u
730 3764 758 3809 et
769 3761 810 3810 eie
823 3759 838 3808 b
852 3758 907 3808 ‘uel
919 3760 988 3809 unic.
1004 3759 1060 3809 itn'.
1189 3774 1239 3809 non

111 3854 191 3906 possa
206 3853 288 3904 neque
302 3854 366 3903 rgo,
387 3847 476 3905 posset
488 3854 570 3889 neenc
584 3838 624 3904 (c)
641 3839 655 3887 b
669 3853 682 3887 c
695 3837 785 3903 d(ucc
798 3836 1012 3902 aliquotque).
1026 3836 1056 3886 Ρ.
1071 3835 1132 3888 203.

110 3914 128 3967 3
143 3915 223 3965 ullum
236 3914 345 3980 aliquot
358 3914 437 3980 dete,
453 3916 550 3966 nullum
565 3918 605 3979 (a)
620 3917 633 3966 b
648 3933 661 3966 c
674 3915 699 3966 d.
851 3913 1071 3968 lconditionibns
1082 3912 1131 3975 (a).

112 3991 212 4042 bellum
225 3997 317 4040 eontra
329 4004 358 4041 ae
370 4007 398 4054 a,
412 3999 503 4041 contra
517 4007 545 4041 ao
559 3991 653 4042 bellum
667 3990 727 4042 cdd.
834 3990 912 4040 ienis
926 3990 1048 4041 fortuniie
1062 3992 1160 4039 omisso
1174 3988 1200 4036 in
1214 3989 1239 4038 b.

225 4065 326 4134 lbepti
337 4085 396 4135 ego,
410 4069 512 4138 Leptim
524 4086 541 4120 a
554 4075 582 4120 et
593 4074 634 4120 sic
648 4071 702 4121 ‘uel
713 4066 875 4135 Leptinquc'
890 4068 904 4116 b
918 4069 960 4118 ci
973 4068 1040 4118 dett.
1048 4086 1056 4129 ,·
1070 4065 1198 4132 Leptiqno
1211 4080 1240 4116 u.

227 4145 256 4196 11
272 4146 399 4198 exercitui
411 4163 428 4197 a
441 4149 465 4198 b.
590 4148 622 4199 12
636 4147 873 4209 frumentatumque
886 4144 1073 4209 oppidanisquc
1086 4157 1112 4205 a,
1127 4139 1241 4191 druman-

114 4232 169 4276 tnm
184 4222 321 4290 oppidania
335 4223 359 4272 b.
483 4225 581 4289 plostra
594 4238 621 4285 a,
635 4220 754 4287 plaustra
766 4218 826 4269 edd.
951 4218 983 4270 13
998 4233 1102 4268 numero
1118 4217 1241 4270 frumenti

112 4303 221 4353 inuento
234 4317 252 4352 a
263 4300 428 4368 Stephanae,
445 4300 568 4351 frumenti
582 4300 689 4349 inuento
703 4312 808 4348 numero
823 4301 928 4347 ceterae
940 4296 1001 4348 edd.
1119 4298 1151 4349 11
1163 4296 1242 4364 llnpi·

112 4392 172 4430 nam
185 4393 213 4429 a.
319 4378 368 4430 bue
380 4378 520 4441 bacuane,
537 4378 585 4427 hoc
598 4375 674 4426 codd.
782 4373 913 4441 recepisse
927 4389 944 4423 a
957 4375 972 4424 b
985 4392 1009 4434 c,
1024 4372 1121 4425 iecisse
1134 4390 1162 4426 a.
1175 4375 1240 4427 th.

112 4454 153 4508 Π.
169 4454 248 4508 Caes.
264 4457 301 4507 cd
312 4456 412 4507 Front.
426 4455 473 4518 IV,
488 4456 543 4520 ὄρ.
555 4454 605 4506 1112
617 4451 695 4503 Rom.
801 4451 939 4503 marituma
952 4468 979 4503 a.
1087 4452 1239 4504 ldSescrna

111 4545 139 4582 a.
277 4531 346 4598 cius]
360 4547 408 4582 sno
422 4533 445 4581 b.
579 4530 611 4583 21
626 4528 680 4579 mil.
695 4527 757 4594 paa'e
770 4545 797 4581 a.
923 4531 957 4585 21
971 4536 1090 4597 tyronum
1103 4543 1130 4577 a.

110 4608 145 4664 ab
158 4610 296 4676 quicquam
308 4625 336 4675 a,
350 4624 405 4660 nou
419 4609 506 4674 quidq.
646 4605 768 4656 solatium
779 4622 796 4656 a
809 4624 832 4658 e.
965 4607 997 4661 27
1013 4622 1060 4657 nee
1075 4602 1200 4654 auxilinm
1214 4605 1238 4655 b.

223 4686 337 4738 enimam
350 4684 526 4737 adnectebant
537 4684 587 4749 ab,
600 4697 653 4734 aon
665 4681 796 4735 anbnadu.
897 4683 930 4735 28
938 4682 1018 4748 unlgn
1029 4695 1056 4747 a,
1070 4679 1159 4731 nultus
1173 4680 1198 4733 b.
