2646 5124
509 542 807 617 -til—

91 726 171 809 siut,
195 725 315 792 dubium
340 744 399 787 uon
422 735 487 800 est3
510 725 631 788 sanauit
652 736 752 789 autem
773 726 884 790 dudum
900 723 1009 791 Morum
1024 729 1069 793 ita
1084 728 1209 801 seribere

91 837 161 899 dum
177 850 248 895 esse
262 826 417 891 iudicans:
444 834 559 910 ‘neque
582 828 680 892 nostri
703 827 840 913 lougius,
865 850 953 913 quam
972 850 1062 915 quem
1077 832 1118 897 ad
1131 832 1209 899 fin

92 944 231 1023 porrecta
246 932 310 994 loen
326 940 429 1015 aperta
446 929 647 1014 pertinebant,
664 929 806 995 cedentes
822 931 941 1017 insequi
951 935 1121 1000 sudereut’.
1142 934 1209 1003 Nat

92 1041 151 1104 lum
169 1037 247 1101 enim
265 1034 366 1097 uitium
391 1036 580 1119 peruagatius
601 1044 649 1097 est
664 1054 751 1116 quam
766 1035 931 1117 particulae
946 1038 1139 1121 copulatiuae
1153 1058 1209 1125 per

92 1162 183 1206 uerse
198 1160 215 1202 a
231 1136 362 1201 librariis
378 1136 524 1200 adiectae.
557 1133 610 1201 Sie
626 1136 693 1199 bor.
710 1156 819 1199 eornm.
838 1134 880 1213 V,
898 1136 951 1216 18,
967 1138 988 1202 3
1002 1139 1036 1203 in
1050 1136 1153 1225 Bong.
1170 1160 1209 1225 pr.

92 1244 182 1308 Leid.
200 1264 247 1328 pr.
265 1236 349 1304 Soal.
367 1238 467 1303 llaun.
486 1260 531 1323 pr.
550 1239 660 1323 legitur
683 1238 768 1323 ‘ripa
782 1250 882 1303 autem
899 1254 964 1305 erat
978 1244 1077 1307 sentis
1093 1242 1209 1307 sudibu

93 1345 293 1433 praebitisque
309 1343 443 1416 munita',
461 1352 492 1406 et
506 1343 537 1405 in
553 1343 655 1406 eodiee
669 1341 833 1426 arebetypo
848 1343 905 1405 luit
921 1340 1000 1423 Vll,
1015 1340 1080 1420 θλ,
1096 1344 1121 1409 8
1147 1354 1209 1409 ‘so

93 1461 224 1515 strorum
234 1447 359 1512 militurn
371 1444 602 1529 uietorumque',
619 1440 707 1521 Vlll,
724 1442 779 1521 27,
796 1446 818 1509 2
833 1444 1052 1512 ‘etllomanum
1068 1458 1103 1513 et
1116 1458 1209 1513 extus

91 1575 161 1617 num
176 1552 327 1617 sustinere
343 1547 481 1627 hostem',
499 1547 696 1631 similiterque
711 1546 808 1611 eiusd.
827 1548 879 1611 lib.
899 1544 960 1623 10,
981 1548 1004 1613 2
1028 1560 1103 1615 ‘aut
1116 1560 1209 1615 uasta

91 1655 205 1722 auxilia
221 1664 273 1717 aut
288 1650 444 1715 Gallorum
461 1648 769 1731 Germanorumque'.
808 1647 911 1715 Verba
925 1662 1026 1715 autem
1052 1659 1161 1736 ‘quem
1180 1652 1209 1717 ul

92 1761 180 1823 linem
197 1752 344 1839 porreetu'
361 1752 571 1836 coniungenda
585 1762 655 1816 suut
669 1774 737 1815 eum
751 1752 846 1817 uerbo
864 1753 1087 1838 pertinebant,
1109 1765 1142 1819 et
1153 1754 1209 1821 lon

92 1870 198 1946 aperta
211 1858 248 1922 ad
271 1858 399 1939 aliquem
421 1856 509 1918 linem
533 1865 674 1938 porreeta
690 1855 842 1939 pertinere
857 1856 961 1921 eodem
976 1856 1063 1921 modo
1079 1857 1209 1923 diepam

92 1973 183 2044 atque
198 1961 286 2043 paulo
302 1969 367 2042 post
383 1960 429 2041 (ξ.
439 1956 474 2037 7)
492 1956 607 2021 ‘hostes
624 1957 654 2020 in
670 1958 758 2023 siluis
772 1958 865 2022 abditi
879 1957 998 2025 latere'.
1024 1954 1076 2023 ct.
1096 1958 1128 2023 b.
1141 1956 1209 2025 Gall

93 2058 171 2141 Vll,
199 2059 259 2138 59,
282 2060 303 2125 5
327 2060 481 2143 ‘legiones
502 2081 521 2123 a
536 2060 686 2143 praesidio
701 2071 791 2144 atque
805 2061 1023 2145 impedimentis
1036 2061 1209 2129 interelusst

92 2164 255 2229 maximum
271 2163 383 2226 llumen
399 2161 588 2240 distinebat',
604 2163 635 2226 b.
654 2163 714 2227 eiu.
731 2161 760 2242 l,
776 2162 839 2238 65,
863 2161 880 2225 1
905 2171 993 2245 ‘quos
1008 2162 1058 2227 ubi
1072 2163 1209 2231 Atmaiu

92 2266 194 2353 proeul
209 2266 292 2329 uisos
308 2287 375 2328 eum
389 2262 512 2329 Petreio
529 2263 710 2349 conspexit',
726 2265 781 2344 82,
798 2265 820 2328 4
837 2265 917 2329 ‘bine
932 2266 1004 2329 duas
1020 2277 1124 2348 partes
1139 2266 1209 2331 seius

93 2369 279 2455 occupabant
301 2370 396 2440 duae,
421 2366 512 2430 tertia
536 2368 664 2431 uaeabat
686 2371 723 2433 ad
740 2368 893 2431 incursum
909 2379 999 2451 atque
1013 2369 1156 2451 impetum
1171 2358 1209 2433 ne

92 2474 186 2552 lieta'3
212 2469 279 2538 Cle.
298 2493 351 2555 pro
367 2467 446 2533 ldab.
464 2469 548 2552 perd.
574 2491 627 2533 reo
643 2470 675 2548 7,
692 2470 733 2534 21
760 2478 877 2533 ‘utrum
900 2471 1045 2534 inclusum
1062 2481 1153 2554 atque
1167 2468 1209 2535 ab

94 2578 185 2643 ditum
202 2577 297 2641 latere
313 2574 345 2636 in
360 2569 501 2644 oeeulto',
527 2572 562 2635 de
579 2593 662 2655 prou.
682 2596 767 2637 eons.
785 2573 824 2650 4,
849 2571 870 2635 6
894 2582 978 2636 ‘eum
994 2571 1209 2638 Mithridation

93 2681 220 2763 impetus
244 2688 395 2760 totumque
417 2671 547 2737 Pontum
570 2684 716 2737 armatum
744 2676 914 2740 ceruicibus
936 2676 1134 2739 interclusum
1156 2675 1209 2739 suis

92 2778 302 2845 sustinereut'.

178 2878 217 2946 C.
235 2879 297 2957 24,
320 2877 426 2943 laute
440 2876 551 2940 Aldum
566 2877 611 2941 sie
626 2879 787 2943 edebatur:
822 2878 957 2962 ‘Quibus
973 2882 1112 2945 omnibus
1128 2880 1209 2946 rebsu

92 2983 220 3069 pennoti
236 2980 351 3064 equites
367 2978 518 3056 Treueri,
543 3002 668 3063 quorum
684 2983 764 3047 inter
780 2980 884 3048 Gallos
908 2986 1027 3048 uirtutis
1049 2984 1152 3067 opinio
1172 3004 1208 3049 es

92 3084 272 3170 singularis,
297 3083 346 3165 qui
369 3082 476 3145 auxilii
492 3104 585 3146 causa
600 3083 637 3148 ab
654 3085 775 3149 eiuitate
791 3087 827 3149 ad
845 3082 1009 3152 Caesarem
1026 3086 1111 3150 missi
1128 3106 1209 3153 uene

92 3198 172 3266 rant,
190 3209 256 3251 eum
272 3186 462 3250 multitudiue
479 3186 607 3250 bostium
624 3196 723 3251 eastra
738 3199 844 3251 nostra
858 3191 1021 3274 compleri,
1039 3200 1162 3255 uestras
1177 3190 1209 3255 le

91 3293 196 3375 gisnes
213 3290 306 3375 premi
322 3310 358 3355 ae·
375 3310 469 3375 paene
484 3290 705 3355 circumuentas
723 3290 830 3369 teneri,
848 3293 982 3366 calones,
1000 3293 1134 3378 equites,
1154 3294 1208 3357 luu

91 3393 222 3472 ditores,
246 3392 393 3458 Numidas
409 3395 546 3459 diuersos
567 3392 786 3474 dissipatosque
807 3394 840 3457 in
863 3415 966 3458 omues
989 3404 1090 3478 partes
1114 3396 1209 3481 lagen

91 3495 250 3572 uidissent,
268 3496 433 3581 desperatis
450 3493 562 3557 nostris
578 3491 669 3556 rebus
684 3495 801 3557 domum
819 3496 1048 3560 contenderunt'
1065 3507 1139 3561 eett.
1165 3496 1209 3563 Al

91 3598 146 3663 dus
164 3599 336 3675 ‘uestras',
361 3596 439 3681 quod
455 3606 525 3659 aute
551 3594 721 3679 ‘legiones'
745 3596 867 3681 legitur,
893 3599 994 3662 omisit
1013 3610 1137 3663 seeutus
1152 3599 1209 3663 sim

91 3699 179 3765 dubio
196 3699 329 3762 eoelieem
343 3698 540 3780 interpolatae
557 3697 703 3775 lamiliae,
729 3719 796 3761 eum
820 3721 917 3783 neque
938 3702 970 3763 in
986 3699 1088 3765 llaun.
1114 3722 1162 3786 pr.
1188 3722 1208 3767 e

91 3801 185 3867 Vind.
203 3821 249 3885 pr.
274 3820 309 3863 ea
324 3819 387 3862 uox
407 3809 505 3875 extet,
523 3820 619 3883 neque
635 3820 675 3863 ex
690 3800 812 3883 reliquis
829 3804 961 3866 eiusdem
978 3803 1108 3867 familiae
1123 3824 1209 3869 annu

92 3915 183 3968 tetur.
217 3898 321 3966 Seeuti
337 3910 407 3965 suut
422 3901 542 3982 reliqui.
575 3901 726 3966 Videbunt
740 3904 817 3966 euim
835 3927 896 3969 non
911 3904 1065 3969 Romanas
1081 3905 1209 3988 legiones

91 4004 222 4069 discerni
237 4004 273 4067 ab
290 4004 357 4067 aliis
373 4003 559 4087 legionibus,
580 4006 616 4069 de
633 4004 740 4090 quibus
755 4026 793 4069 ne
810 4009 936 4091 eogitari
953 4008 1069 4090 quidem
1086 4018 1207 4091 poterat

90 4108 145 4173 sed
155 4107 290 4190 legiones
306 4127 324 4169 a
340 4103 506 4180 calonibus,
523 4108 671 4190 equitibus
686 4107 868 4193 reliquisque
884 4112 988 4195 eopiis.
1012 4106 1209 4175 Sebneiderut

91 4231 165 4275 uero
183 4219 322 4273 ‘nostras
338 4206 488 4291 legiones'
509 4209 641 4274 restituit
655 4220 744 4293 atque
759 4210 800 4274 ita
816 4213 971 4295 aptissime
986 4212 1150 4296 significari
1165 4232 1209 4297 pu

91 4312 168 4377 teuit
179 4310 334 4375 Treueros
346 4309 551 4374 Romanorum
568 4312 753 4395 potissimum
769 4335 831 4391 res,
850 4316 900 4398 qui
915 4315 1005 4398 louge
1020 4315 1078 4378 alia
1096 4317 1209 4379 lurtum

90 4415 134 4478 uti
151 4424 367 4490 consuessent,
384 4413 458 4476 adeo
474 4412 601 4477 alllietas
617 4413 741 4477 miratos
760 4436 838 4478 esse.
885 4414 945 4481 Sed
962 4438 997 4480 ea
1013 4418 1166 4484 sententia
1181 4417 1209 4481 al

92 4517 150 4581 boe
164 4520 231 4583 loeo
247 4516 378 4579 maxime
393 4514 492 4579 aliena
507 4526 564 4579 est.
602 4514 710 4599 Neque
726 4518 805 4580 euim
820 4518 888 4582 ideo
904 4519 1058 4603 fugiebant
1072 4518 1209 4584 Treueri,

91 4621 170 4701 quod
185 4620 219 4699 ii,
236 4619 286 4702 qui
300 4617 521 4702 aliligebantur,
538 4617 669 4683 Romani
680 4629 779 4698 erant,
797 4622 881 4702 quasi
893 4622 1062 4688 remansuri
1074 4623 1209 4689 luissent.
