2646 5124
468 606 794 675 ...2⁴3—

67 800 143 857 m,
169 777 251 862 quod
273 778 359 841 loeus
380 777 432 842 illa
446 778 570 863 planitie
585 800 713 846 omasne
728 785 893 866 equitatum
909 784 1077 863 diceretur,
1104 788 1154 870 qui
1170 788 1199 853 ei

67 881 311 947 mundatus
338 881 387 944 uel
408 883 559 945 secundus
580 882 724 947 dicendus
747 896 833 948 erat=
865 907 960 970 neque
983 888 1043 952 diei
1065 890 1199 973 solisque

67 985 214 1051 menites
237 983 403 1065 equitatum
423 983 520 1067 magis
540 1004 627 1067 quum
648 986 778 1068 reliquas
794 988 896 1071 copias
911 989 1049 1052 ornabat.
1080 988 1198 1055 Verum

72 1086 137 1153 hec
159 1086 291 1163 omitto,
315 1085 346 1148 id
367 1085 558 1150 intolerabile
579 1098 647 1166 est,
673 1089 850 1172 scriptorem
872 1090 1036 1172 postulare,
1060 1103 1094 1155 ιιι
1107 1091 1198 1157 Pom·

71 1190 161 1277 peiaui
174 1189 209 1254 in
227 1186 384 1273 planitiem
398 1187 635 1267 descenderent,
660 1192 730 1273 quia
745 1212 781 1255 ea
797 1193 929 1255 secunda
945 1202 1028 1257 esset
1041 1195 1196 1276 equitatui,

72 1312 120 1377 po
134 1312 256 1378 genere
271 1289 423 1374 copiarum
439 1311 468 1354 c.
484 1290 505 1353 7
521 1302 603 1355 extr.
622 1290 786 1357 Caesarem
803 1292 892 1378 longe
907 1296 1092 1378 superiorem
1108 1296 1200 1360 luisse

71 1394 249 1461 belanuit.
282 1391 319 1456 lu
334 1390 407 1456 Par.
426 1413 490 1463 seu.
509 1404 540 1457 et
562 1392 651 1459 Leid.
670 1415 716 1479 pr.
735 1397 878 1480 scriptum
900 1408 948 1460 est
971 1398 1199 1477 ‘serenitatem

68 1496 168 1563 lulroe
182 1506 349 1581 praeterea
364 1496 545 1579 ‘equitatem
554 1498 576 1574 ’,
599 1496 655 1560 boe
671 1509 719 1561 est
735 1499 949 1581 nequitatem.
981 1497 1056 1564 lude
1071 1499 1145 1565 baec
1158 1501 1203 1565 ita
1248 1531 1251 1536 ·

67 1599 248 1665 emendanit
266 1596 350 1663 ‘flue
364 1597 537 1677 accedebat,
555 1608 589 1662 ut
603 1598 687 1663 loeus
698 1600 750 1665 illa
758 1601 1070 1684 planitieaequitatem
1078 1612 1204 1667 ornaret

67 1702 131 1768 tici
145 1700 279 1785 solisque
293 1698 483 1765 serenitate'.
506 1699 574 1765 lloe
590 1701 662 1765 dicit
675 1702 824 1786 scriptor:
842 1703 925 1767 locus
946 1704 999 1768 illa
1014 1705 1138 1789 planitie
1152 1725 1203 1769 ae·

67 1824 151 1889 quus
165 1814 244 1877 erut,
260 1824 297 1867 ea
310 1812 415 1868 auteur
430 1804 566 1886 nequitus
582 1804 656 1867 solis
668 1805 1115 1890 splendoremaioremspeeiem
1124 1807 1203 1871 acci·

67 1906 186 1991 piebat.
205 1901 295 1987 Quod
306 1904 489 1986 aequitatem
496 1904 533 1968 ab
541 1905 607 1989 ipso
618 1906 685 1969 loeo
696 1908 930 1987 ornatamdixit‚
945 1931 1011 1973 curu
1024 1910 1202 1993 nequitatem

67 2008 130 2073 toei
146 2017 284 2072 ornatam
300 2005 402 2069 dicere
417 2005 556 2082 deberet,
579 2008 676 2072 simile
699 2020 745 2073 ost
759 2009 893 2093 planitiei
908 2013 1045 2095 proxima
1061 2010 1203 2095 dirigenti

67 2108 136 2173 tui.
154 2130 186 2172 o.
205 2109 237 2191 §-
254 2106 277 2170 2
297 2117 329 2169 et
348 2107 475 2172 balistae
490 2110 599 2173 missae
622 2131 649 2173 c.
669 2108 710 2173 13
725 2122 806 2175 extr.
842 2112 917 2176 ‘Et'
938 2113 1102 2198 particula,
1127 2133 1203 2195 quae

67 2222 145 2296 pust
160 2210 324 2272 ‘ornaret'
339 2210 466 2293 legitur,
490 2222 543 2275 cut
557 2213 703 2296 proximis
718 2215 923 2297 superioribus
939 2215 1048 2279 litteris
1063 2216 1141 2279 male
1154 2233 1204 2278 rc·

67 2312 186 2397 petitis
201 2318 271 2373 orta
284 2320 341 2388 eat,
355 2322 429 2375 autu
440 2312 583 2391 librariis,
602 2325 757 2399 postquam
776 2317 993 2379 ‘serenitatem’
1008 2317 1204 2399 scripserunt,

71 2412 262 2479 amiendae
275 2412 415 2477 orationis
430 2436 521 2479 causa
536 2416 662 2479 adiecta.
686 2414 796 2499 Neque
812 2418 890 2480 enim
907 2438 961 2502 per
975 2416 1137 2502 particulas
1153 2415 1206 2479 ‘et’

74 2516 170 2599 eique
183 2515 411 2600 respondentem
428 2518 518 2600 ‘que'
534 2519 593 2581 duo
609 2517 731 2582 uomina
745 2521 882 2603 componi
897 2518 1069 2602 Maduigius
1085 2519 1120 2580 ad
1136 2512 1204 2581 cie.

75 2617 115 2682 tle
137 2618 193 2683 fin.
210 2638 241 2703 p.
260 2614 323 2681 730
345 2618 577 2683 demonstrauit
603 2618 685 2684 Nam
708 2620 738 2683 b.
756 2621 850 2684 Alex.
867 2620 930 2700 44,
947 2620 986 2698 5,
1012 2620 1062 2684 ubi
1077 2620 1151 2683 haee
1165 2618 1208 2682 le·

79 2731 209 2804 pentura
233 2728 340 2805 ‘quera
354 2732 456 2785 tameu
470 2724 581 2787 diutius
603 2724 633 2787 iu
655 2723 745 2787 rebus
761 2724 903 2787 secundis
920 2733 950 2787 et
966 2725 1107 2801 fortune,
1131 2742 1209 2806 quae

80 2823 236 2907 plurim
251 2832 372 2909 potest,
396 2825 607 2911 diligentiaque
623 2821 778 2889 Cornificii
800 2836 831 2888 et
846 2826 943 2889 uirtus
959 2824 1076 2890 Vatinii
1092 2826 1210 2890 ueratri

82 2944 169 3009 passa
184 2948 246 2991 nou
262 2928 334 3004 est,
355 2930 413 2992 etsi
433 2929 531 3012 aptius
546 2928 640 2992 uideri
663 2939 762 3010 potest
776 2949 816 2990 cx
832 2929 928 2992 alteru
944 2940 1030 3013 purte
1045 2930 1208 3006 fortunam,

83 3044 123 3092 en
140 3030 242 3095 altera
263 3031 392 3094 duorum
412 3031 562 3094 homiuum
585 3031 766 3115 diligentiam
791 3040 880 3112 utque
897 3031 1039 3095 uirtutem
1052 3031 1209 3109 collocari,

84 3140 180 3197 tanen
204 3152 269 3197 nou
289 3134 357 3197 siue
379 3154 469 3197 causa
485 3133 602 3196 llirtius
624 3134 775 3195 lortunam
792 3127 1006 3214 Cornificiique
1027 3134 1211 3215 diligentium

85 3236 241 3301 emunxit
265 3245 297 3299 et
315 3236 352 3299 ab
374 3236 420 3299 bis
435 3236 575 3300 uirtutem
591 3232 706 3298 Vatinii
722 3234 884 3317 separauit.
918 3230 994 3296 Cum
1009 3235 1091 3297 euim
1105 3236 1143 3298 de
1158 3234 1214 3296 hac

85 3336 223 3423 dtineeps
244 3348 331 3401 esset
350 3338 501 3417 dicturus,
524 3358 559 3401 ea
582 3357 617 3400 re
639 3334 901 3418 consequebatur,
929 3344 963 3397 ιιι
984 3334 1083 3397 uirtus
1099 3334 1215 3399 Vatinii

85 3440 232 3505 mutonis
247 3440 380 3523 pondere
396 3440 605 3526 insigniretur,
615 3439 810 3523 legentesque
825 3436 884 3501 iam
901 3448 962 3499 tum
978 3437 1015 3499 ad
1031 3435 1108 3499 banc
1123 3434 1217 3520 potis·

85 3542 193 3606 dmum
208 3540 338 3607 animum
353 3544 553 3607 attenderent.

167 3639 211 3709 G.
228 3640 273 3707 3⁰
285 3655 368 3708 extr.
386 3644 609 3709 demonstratur
622 3641 787 3706 Mundensi
802 3642 917 3727 proelio
926 3637 1090 3707 Caesarem
1106 3643 1216 3709 dextro

88 3766 178 3811 cornu
192 3746 347 3833 legionem
362 3747 524 3821 decimam,
546 3746 670 3810 sinistro
689 3747 808 3810 tertiam
826 3756 856 3810 et
870 3746 1003 3830 quintam
1019 3746 1095 3811 etin
1111 3747 1215 3811 eodem

87 3866 178 3914 tomu
201 3850 374 3932 etreliqua
395 3850 511 3914 auxilia
533 3858 565 3911 et
583 3848 746 3931 equitatum
769 3847 947 3912 collocasse.
977 3846 1013 3912 ld
1028 3870 1094 3913 eum
1110 3850 1166 3914 lnac
1181 3848 1218 3913 de

88 3970 175 4017 eeu
191 3951 306 4017 leuisae
321 3962 456 4037 apparet,
473 3951 550 4034 quod
567 3951 604 4013 ad
619 3951 757 4014 deutrum
773 3952 850 4017 aciei
865 3962 981 4035 partem
995 3956 1080 4017 rium
1090 3962 1157 4017 erat
1167 3971 1219 4036 pa·

88 4052 173 4119 butri
187 4065 223 4117 et
235 4054 420 4138 uoragiuoso
436 4054 501 4118 solo
518 4074 643 4117 currens
659 4053 768 4135 (ete,
783 4054 832 4137 2),
849 4073 926 4137 quae
940 4075 992 4118 res
1007 4054 1169 4137 equitatum
1181 4054 1219 4116 ad

89 4174 149 4219 ιιι
170 4156 337 4243 gerendam
359 4155 495 4221 inutilem
514 4155 649 4221 lecisset.
681 4151 743 4220 Sed
765 4179 792 4221 e.
816 4155 876 4236 31,
900 4155 922 4219 l
944 4157 1018 4221 baec
1032 4156 1219 4221 edebanturz
1309 4198 1316 4205 -

91 4252 257 4323 ‘bunun
280 4258 554 4325 demonstrauimus
580 4260 765 4324 decumanos
786 4278 882 4323 eornu
904 4257 1058 4323 tenuisses
1091 4257 1142 4345 qui
1163 4258 1223 4322 etsi

89 4370 177 4425 eraut
197 4361 309 4447 pauci,
337 4372 439 4427 tumen
463 4372 586 4448 propter
605 4362 747 4425 uirtutem
767 4382 876 4446 magno
897 4361 1090 4426 aduersarios
1112 4361 1223 4425 timore

88 4482 194 4529 eum
213 4486 310 4550 opera
323 4464 511 4545 efficiebant,
542 4463 620 4548 qnod
640 4484 658 4527 a
673 4484 730 4528 suo
744 4465 812 4529 loco
827 4464 930 4529 bootes
944 4464 1142 4529 uehementer
1156 4481 1225 4547 pre·

87 4586 172 4631 nure
186 4579 373 4654 coeperunt,
390 4579 425 4633 ut
438 4569 476 4633 ad
491 4567 674 4645 subsidium,
697 4588 736 4631 ne
751 4568 789 4631 ab
803 4568 899 4633 lutere
914 4565 1013 4633 nostri
1028 4572 1224 4648 occuparent,

87 4666 169 4752 legio
184 4669 432 4737 aduersariorum
448 4670 565 4736 trudaei
581 4679 687 4753 coeptu
703 4670 744 4733 sit
758 4672 795 4736 ad
807 4671 974 4829 dentru1up33
980 4664 1065 4747 Quae
1074 4661 1164 4729 simul
1179 4673 1227 4725 est
