2646 5124
89 738 142 802 eins
157 738 326 802 immunem
348 754 421 799 esse
436 733 587 817 iusserat,
609 738 677 803 lura
698 738 841 826 lepraque
862 742 1036 811 reddiderat
1056 760 1148 835 atqne
1163 756 1220 841 ipsi

87 837 654 921 llorinosattribuerat’diseernantur,
671 864 746 925 qnae
762 844 874 910 ciuitati
890 848 1079 931 acciderunt,
1093 864 1124 917 et
1139 878 1219 939 qnae

87 942 130 1027 ipsi
145 940 311 1021 Commio;
330 962 430 1024 neque
445 941 505 1005 dno
520 942 622 1026 priora
638 946 790 1026 membra,
814 968 889 1031 qnae
903 972 958 1035 pro
981 973 1042 1015 uno
1064 968 1154 1036 sunt,
1178 959 1217 1023 ob

86 1066 231 1109 acensnm
256 1044 298 1108 ad
323 1044 471 1108 maiorem
493 1064 558 1108 rem
580 1048 687 1131 copula
700 1049 937 1134 coniunguntur.
982 1052 1092 1138 Neque
1116 1059 1217 1123 minos

85 1146 209 1232 bipertita
226 1157 306 1210 snut
323 1147 417 1210 bucca
435 1146 466 1208 b·
484 1146 546 1210 clu·
562 1144 590 1222 l,
607 1148 640 1228 l,
656 1148 678 1213 3
693 1152 882 1217 ‘iudiciorum
895 1165 1007 1234 metus,
1024 1157 1155 1224 adulatio
1171 1173 1218 1225 at·

84 1270 126 1332 que
139 1248 317 1314 ostentatio
331 1250 381 1313 sni
398 1260 430 1313 et
444 1248 626 1334 potentinm’
648 1254 732 1331 (nam
755 1256 885 1319 extremi
902 1258 1029 1340 genitiui
1050 1261 1087 1324 ad
1102 1272 1217 1325 utrum-

84 1372 126 1435 que
138 1373 250 1416 nomen
265 1374 328 1435 per
346 1353 460 1441 ‘atque'
477 1352 652 1435 particulam
666 1355 857 1420 coniunctum
871 1358 1038 1441 pertinent)
1051 1371 1082 1424 et
1092 1361 1123 1425 b.
1132 1361 1213 1429 Gall.

84 1452 113 1531 l',
127 1452 177 1533 dll,
196 1453 219 1517 3
237 1453 441 1529 ‘Eburones‚
457 1452 579 1533 Neruii,
597 1456 746 1520 Aduatuci
762 1469 852 1541 atque
868 1460 976 1523 borum
994 1464 1125 1526 omnium
1140 1468 1216 1531 socii

84 1557 264 1635 ctclientes’,
284 1556 342 1621 nbi
360 1557 446 1640 prius
462 1556 625 1622 membrum
640 1570 689 1623 est
703 1560 900 1643 tripertitum.
949 1560 1035 1627 llaec
1050 1563 1142 1648 igitur
1156 1585 1218 1631 non

84 1662 158 1745 nap's
172 1658 356 1737 offendent,
376 1680 466 1744 qnam
481 1660 714 1744 praeleguntur
733 1662 764 1725 b.
782 1659 863 1725 Gall.
889 1658 925 1742 l,
950 1662 995 1727 tu
1016 1665 1060 1728 in.
1079 1668 1217 1753 ‘equites

86 1762 212 1828 Ariouisti
230 1763 371 1848 propius
387 1764 532 1827 tumulum
548 1766 694 1829 accedere
709 1764 784 1829 etad
797 1774 919 1829 nostros
935 1766 1124 1850 adequitare,
1141 1770 1216 1853 lapi-

86 1866 126 1929 les
138 1868 258 1950 telaque
276 1867 313 1929 in
330 1876 458 1929 nostros
472 1866 623 1931 conicere’
638 1878 670 1932 et
684 1864 728 1930 5⁰
748 1868 793 1930 in.
811 1862 946 1931 ‘Caesar
966 1870 1107 1934 ecastris
1123 1872 1216 1935 utris·

86 1990 129 2052 que
141 1971 245 2054 copias
267 1989 349 2033 snas
376 1968 484 2031 eduxit
504 1968 681 2055 paulumque
702 1990 719 2033 a
735 1969 896 2034 maioribus
911 1972 1019 2035 castris
1034 1994 1215 2059 progressus

87 2074 164 2135 aciem
176 2072 355 2149 instruxit,
375 2069 513 2135 hostibus
529 2071 676 2156 pugnandi
691 2082 870 2158 potestatem
886 2071 988 2149 lecit',
1006 2072 1056 2137 ubi
1072 2074 1158 2159 plura
1173 2096 1216 2138 ex

88 2176 178 2239 emen
192 2194 312 2261 genere
328 2173 478 2258 ascripsit
494 2171 710 2239 Schneideros.
741 2172 847 2239 Potest
861 2184 960 2238 autem
976 2176 1120 2260 particula
1146 2176 1215 2239 ‘ct'

90 2276 135 2340 nel
147 2278 202 2341 ‘ac'
219 2278 286 2341 sine
302 2276 421 2359 ‘atque'
437 2298 498 2339 nno
513 2276 582 2341 loco
596 2278 764 2362 interponi,
787 2299 853 2341 oum
877 2277 1044 2359 aequalitas
1064 2278 1216 2342 membro·

92 2400 151 2443 run
165 2380 265 2467 aliqua
279 2400 321 2443 ex
336 2389 426 2462 parte
441 2378 574 2444 tollitur:
601 2381 679 2464 qnod
694 2382 726 2444 lit
741 2380 794 2443 nni
809 2377 997 2463 potissimum
1013 2380 1146 2443 membro
1161 2380 1216 2443 nli·

91 2504 140 2566 qua
153 2502 188 2547 re
202 2482 322 2545 adiecta
338 2492 392 2545 ant
407 2482 540 2565 pluribus
555 2502 604 2561 eo,
621 2504 707 2567 qnam
723 2480 948 2567 superioribus,
973 2479 1064 2545 rebus
1080 2502 1216 2566 compre·

90 2584 195 2651 lensia.
227 2583 277 2648 lta
293 2584 326 2646 b.
345 2580 429 2648 Gall.
447 2581 510 2663 Vl,
532 2584 573 2663 2,
595 2586 662 2650 din
676 2582 749 2649 Par.
768 2606 814 2670 pr.
832 2594 863 2648 et
878 2582 1014 2668 plurimis
1029 2582 1116 2645 codd.
1134 2580 1213 2647 (lud.

89 2700 163 2752 recte
185 2689 335 2772 seriptum
359 2696 406 2750 cst
429 2685 602 2766 ‘Neruios‚
626 2688 805 2752 Aduatucos
826 2707 862 2750 ac
883 2683 1047 2772 Menapios
1068 2684 1216 2749 adiunctis

90 2789 272 2855 elsrlremms
289 2786 484 2868 Germanis’,
508 2790 653 2873 siqnidem
670 2788 818 2855 Germani
840 2812 907 2855 cum
924 2788 1073 2873 Menapiis
1096 2788 1216 2873 potissi·

89 2914 159 2956 nnn
175 2890 336 2957 eoninnoti
354 2890 447 2955 luisse
462 2891 619 2955 dicuntur:
644 2903 675 2958 ct
689 2895 814 2958 eandem
830 2892 979 2957 rationem
996 2893 1069 2956 baec
1084 2890 1213 2956 babentr

88 2992 115 3059 b.
130 2996 191 3059 cin.
209 2992 277 3067 ΙΙΙ,
302 2992 345 3071 l,
368 2989 392 3056 6
408 2990 631 3071 ‘Macedones‚
654 2993 821 3059 Thessalos
836 3015 872 3059 ao
886 2995 1066 3079 reliquarum
1082 2993 1216 3078 gentium

89 3108 118 3162 ct
128 3097 326 3170 ciuitatium,
343 3096 439 3160 einsd.
456 3096 510 3161 lib.
529 3096 581 3175 12,
598 3096 619 3160 l
635 3094 851 3175 ‘Bullidenses‚
867 3096 1023 3160 Amantini
1038 3105 1070 3159 ct
1084 3096 1217 3177 reliquae

89 3201 233 3265 finitimae
247 3198 417 3277 ciuitates'‚
440 3197 471 3261 b.
488 3198 559 3263 Alr.
577 3196 640 3276 20,
661 3198 684 3261 2
707 3197 891 3282 ‘sagittariis
906 3196 1058 3283 Ityraeis,
1082 3195 1172 3281 Syris
1187 3208 1220 3259 et

89 3304 234 3388 caiusqrae
249 3300 394 3387 generis',
417 3298 472 3375 70,
489 3298 510 3363 5
534 3299 671 3363 ‘circiter
686 3295 771 3363 GGG
786 3300 918 3375 amissis,
935 3300 1037 3362 multis
1052 3297 1220 3362 uulneratis

89 3426 124 3470 ac
136 3406 268 3471 delessis
283 3404 425 3468 instando
441 3403 601 3467 omnibns'.
648 3402 748 3485 Atque
765 3412 799 3465 ut
813 3400 940 3465 similem
965 3420 1028 3464 rem
1054 3398 1153 3463 statim
1169 3398 1221 3463 ad-

89 3508 220 3594 iungam,
237 3508 344 3572 eadem
359 3528 431 3571 nsns
447 3502 625 3571 Caesariani
641 3506 812 3592 ignorantia
829 3506 866 3570 de
880 3504 911 3567 b.
930 3501 1011 3567 Gall.
1028 3499 1090 3567 Vll
1098 3549 1107 3581 ‚
1128 3501 1182 3577 5⁴,
1200 3502 1218 3567 l

88 3610 120 3674 in
135 3610 328 3695 interpolatis
345 3610 431 3673 codd.
449 3609 592 3694 scriptum
609 3619 673 3674 est:
693 3609 745 3674 ‘ibi
761 3630 779 3673 a
794 3606 987 3673 Viridomaro
1002 3616 1090 3690 atque
1105 3602 1221 3690 Epore-

88 3712 194 3799 dorige
210 3710 351 3776 llaednis
372 3712 537 3796 appellatus
558 3710 647 3775 discit
668 3732 735 3774 cnm
751 3711 831 3775 omni
847 3710 980 3794 equitatu
995 3706 1165 3773 Litanienm
1183 3708 1222 3770 ad

87 3813 297 3879 sollicitandos
321 3812 464 3878 llaeduos
484 3816 649 3899 proiectum
675 3832 744 3877 esse
766 3833 838 3897 opus
859 3834 928 3877 esse
948 3822 979 3876 et
1002 3812 1083 3895 ipsos
1098 3822 1222 3873 antece·

88 3916 162 3983 dete
176 3919 216 3981 ad
232 3916 465 3981 confirmandam
482 3916 655 3993 ciuitatem',
672 3938 739 3980 cum
754 3915 787 3979 in
800 3915 924 3999 reliquis
940 3912 1026 3977 codd.
1042 3924 1127 3977 recte
1142 3912 1223 3993 lega-

88 4030 137 4083 tnr
153 4028 246 4103 ‘opus
260 4039 331 4085 esse
345 4020 449 4103 ipsos’,
467 4018 524 4083 bac
538 4018 701 4097 sententia,
718 4029 770 4097 nt,
799 4038 866 4081 cum
883 4014 1041 4080 Litauicns
1057 4015 1094 4079 ad
1110 4011 1224 4077 sollici·

90 4122 213 4187 notam
228 4122 384 4186 ciuitatem
399 4122 551 4205 prolectas
563 4120 614 4198 sit,
631 4142 700 4185 sese
712 4119 749 4184 ad
766 4119 996 4184 confirmandam
1008 4115 1156 4199 proticisci
1174 4114 1225 4174 dc-

92 4223 164 4291 bere
182 4223 398 4291 Viridomarus
413 4236 444 4289 et
459 4222 653 4309 Eporedorix
666 4223 778 4287 dicant.
823 4218 945 4286 Etenim
961 4220 1028 4283 ‘ot’
1048 4214 1225 4302 particulam

95 4326 153 4409 (de
167 4350 227 4413 qna
242 4350 279 4394 rc
294 4329 374 4413 apud
389 4324 569 4393 Ciceronem
585 4326 715 4391 nondum
732 4333 873 4387 constare
888 4322 976 4403 seio)
996 4338 1094 4401 neqne
1109 4313 1229 4381 Caesar

96 4450 189 4515 nsque
204 4430 327 4497 Hirtius
341 4430 374 4495 in
389 4429 566 4495 intentando
580 4449 636 4513 pro
652 4427 766 4491 ‘etiam’
782 4433 957 4512 posuerunt.
1002 4419 1083 4485 Nam
1096 4420 1126 4481 b.
1145 4415 1227 4480 Gall.

97 4528 123 4609 l,
138 4532 192 4615 15,
208 4532 230 4600 3
245 4542 320 4621 ‘quo
335 4532 451 4619 proelio
465 4532 576 4597 sublati
590 4528 724 4595 llelnetii
738 4528 880 4593 audacius
895 4524 1063 4591 subsistere
1083 4535 1231 4582 nonnum-

101 4656 183 4719 quam
198 4651 231 4705 ct
244 4636 416 4705 nouissimo
430 4636 551 4723 agmine
565 4632 680 4721 proelio
695 4642 817 4697 nostros
831 4630 985 4693 lacessere
1001 4615 1182 4705 coeperunt'
1202 4624 1235 4681 et
