2646 5124
565 598 870 665 „ep-

150 778 259 864 polatis
274 775 393 841 accidit.
416 772 461 839 lbi
477 775 556 839 cuim
572 774 602 838 in
618 774 665 837 bis
680 772 801 837 uerbiss
826 781 914 835 ‘nam
929 772 1028 837 omnis
1042 770 1154 839 ciuitas
1168 772 1265 839 llclu·

151 882 193 945 tia
207 882 239 945 iu
256 888 398 962 quattuor
412 899 504 963 pagos
520 878 615 941 diuisa
640 875 698 941 est’
724 876 755 939 in
772 872 843 939 l'ar.
866 895 929 940 sec.
940 886 972 941 et
985 872 1077 942 Leid.
1087 886 1270 963 pnest‘p*

151 993 197 1049 tes
213 983 261 1048 uel
277 982 399 1065 pagos',
417 982 447 1045 in
463 979 556 1044 Voss.
567 1002 627 1064 pr.‚
645 979 697 1044 ssd
713 982 780 1043 sine
795 979 885 1043 dubio
899 1000 919 1042 a
932 978 1185 1060 sccunda'maou,
1202 986 1271 1067 ‘par-

153 1085 213 1150 tes'
228 1105 283 1169 pro
300 1082 408 1169 ‘pagis'
425 1084 541 1166 positae
556 1094 637 1146 sunt.

237 1184 276 1252 C.
298 1185 348 1261 la,
372 1183 394 1249 9
416 1185 535 1250 restitui
559 1188 744 1272 integrorum
767 1182 852 1247 codd.
875 1184 1057 1268 scripturam
1081 1182 1164 1249 ‘llis
1186 1192 1273 1249 aun

151 1290 290 1355 omnibus
319 1287 473 1352 druidibus
502 1300 621 1372 praeest
643 1309 742 1366 unus,
772 1286 824 1370 qui
845 1307 992 1351 summam
1011 1286 1097 1351 iuter
1115 1308 1172 1353 eos
1196 1286 1275 1353 tata

149 1394 371 1459 auctoritatem.
389 1389 458 1455 lloc
473 1402 591 1455 mortuo
606 1402 670 1470 aut,
687 1392 713 1455 si
729 1389 779 1473 qui
794 1410 836 1453 ex
849 1390 974 1473 reliquis
989 1390 1273 1475 excellitdigoitata,

149 1498 300 1574 succedit,
325 1506 397 1573 aut,
420 1496 447 1558 si
467 1505 540 1559 sunt
554 1495 655 1578 plures
670 1512 777 1578 paros,
799 1492 945 1578 suffragio
960 1492 1119 1572 druidum,
1136 1498 1274 1557 noian-

150 1620 237 1683 quam
254 1599 343 1663 etiam
359 1598 451 1662 armis
467 1597 504 1661 de
520 1597 687 1682 principatu
702 1594 906 1659 contendunt’.
946 1592 1034 1677 Quae
1055 1596 1150 1662 uerba
1167 1618 1186 1661 ι
1201 1592 1274 1663 nol·

151 1701 307 1766 intellecta
323 1719 391 1763 esse
407 1701 512 1763 miror.
536 1697 616 1762 Nam
631 1698 683 1781 qui
697 1698 852 1762 declarare
867 1698 1039 1775 uoluerunt,
1056 1698 1095 1763 ad
1104 1698 1199 1765 uerba
1209 1700 1273 1765 ‘sai-

151 1804 250 1885 iragio
265 1802 411 1865 druidum'
428 1803 559 1886 suppleri
575 1800 679 1866 iubent
703 1800 888 1865 ‘succedunt'
912 1820 1010 1883 neque
1023 1799 1272 1875 animaduersam,

150 1925 238 1989 quum
253 1905 355 1986 inepte
377 1902 478 1985 plures
498 1906 661 1968 succedere
675 1903 868 1977 divertatur,
885 1924 952 1967 cum
965 1916 1059 1967 uuum
1074 1922 1221 1989 pracesse
1232 1922 1272 1993 na·

149 2008 242 2073 latum
258 2017 351 2071 esset.
376 2004 429 2069 Ex
443 2007 508 2092 ipsa
524 2008 671 2071 orationis
686 2005 925 2069 conformatione
935 2004 1272 2089 apparet‘contendul'

147 2108 383 2195 intellegendum
399 2129 480 2174 esse.
518 2106 673 2195 Sull'ragio
695 2109 775 2173 enim
799 2108 934 2173 druidum
956 2110 1062 2172 eodem
1084 2110 1273 2199 mdoatqnc

150 2213 243 2277 armis
266 2212 504 2292 contendebant,
530 2224 564 2278 ut
585 2214 633 2289 is,
657 2213 707 2296 qui
722 2211 934 2297 suffragiorum
950 2228 1077 2276 numero
1092 2222 1273 2298 superam

150 2316 373 2402 praeficeretur.
412 2313 473 2398 Qui
500 2317 633 2379 codicem
656 2314 902 2398 interpolatorum
926 2313 1089 2396 principem
1111 2316 1274 2393 mearunt,

150 2441 211 2485 nou
227 2420 323 2504 magis
339 2418 412 2482 baec
428 2430 635 2502 perspexerat.
675 2414 780 2499 ltaque
795 2427 826 2479 et
842 2417 956 2499 reliqua
970 2419 1089 2500 paulum
1112 2417 1273 2483 immutarit

151 2532 266 2606 etpost
282 2521 374 2584 uerba
389 2518 703 2604 ‘sullragiodruidum'
719 2522 829 2583 adiecit
846 2518 1028 2605 ‘adlegitur'.
1045 2517 1187 2585 Debebat
1200 2530 1275 2586 cens

152 2624 327 2710 ‘deligitur',
345 2633 379 2685 ut
394 2633 424 2684 et.
439 2619 669 2706 Oudendorpius
686 2625 810 2697 monuit,
829 2633 856 2686 ct
873 2622 899 2685 is
912 2622 1072 2700 intellexit,
1098 2624 1197 2706 quiid
1212 2642 1274 2689 uer·

146 2726 216 2790 burn
232 2728 263 2789 in
279 2724 375 2810 Boug.
396 2746 441 2808 pr.
459 2726 683 2808 suprascripsit.

236 2824 274 2890 C.
292 2826 346 2902 26,
368 2825 381 2887 l
400 2827 445 2889 sic
461 2825 624 2891 edebatur:
652 2827 722 2893 ‘Est
737 2830 791 2893 bos
807 2829 889 2893 cerui
905 2829 1019 2913 ligura,
1044 2828 1134 2893 cuius
1149 2850 1167 2893 a
1183 2828 1274 2895 media

149 2935 249 2997 buute
264 2929 345 2992 inter
359 2949 449 2993 aures
464 2951 554 2994 unum
570 2952 663 2995 cornu
679 2934 785 2997 existit
799 2932 951 2995 excelsius
967 2930 1123 3015 magisque
1131 2930 1275 2997 directum

147 3035 198 3111 iis,
216 3052 292 3116 quae
309 3030 394 3096 nobis
411 3044 480 3096 nola
497 3044 579 3111 sunt,
604 3036 758 3098 cornibus.
794 3035 842 3098 Ab
858 3034 923 3097 eius
938 3054 1055 3097 summo
1069 3034 1151 3097 sicut
1164 3034 1276 3119 palu

148 3138 224 3202 sumi
240 3158 328 3219 quam
344 3138 405 3200 late
420 3136 644 3203 diffunduntor’.
666 3137 710 3201 llt
733 3138 821 3201 ‘rami
836 3158 924 3219 quam
938 3135 1009 3201 lute'
1031 3156 1073 3200 ex
1087 3136 1276 3223 interpolatis

148 3242 234 3305 codd.
261 3238 472 3328 Oudendorpio
496 3242 684 3307 scribendum
708 3240 806 3303 uisum
829 3251 888 3303 est.
939 3236 1042 3303 Secuti
1063 3250 1136 3303 suot
1156 3238 1274 3323 reliqui.

149 3346 284 3429 quamuis
308 3366 416 3424 nemo,
441 3367 517 3429 quac
540 3347 691 3409 dicoretur
706 3343 812 3425 palma,
837 3342 1026 3405 intellexisse
1042 3342 1196 3405 uideatur.
1233 3338 1276 3405 lle

149 3449 258 3513 arbore
281 3448 382 3527 cuim,
408 3470 482 3532 quae
511 3449 563 3511 illo
594 3447 715 3511 nomine
739 3444 920 3528 appellatur,
952 3443 1103 3529 cogitasse
1133 3442 1274 3508 arbitror.

147 3544 246 3627 Quam
262 3549 288 3611 si
305 3546 422 3614 Caesar
436 3551 648 3633 significasset,
666 3568 761 3610 cornu
777 3547 861 3625 illud,
879 3568 896 3609 u
912 3567 970 3628 quo
986 3546 1061 3609 rami
1076 3546 1277 3611 dillunderco·

150 3659 212 3724 tur,
231 3670 290 3711 uon
307 3649 434 3731 palmae,
454 3650 507 3713 sed
523 3649 617 3733 stipiti
634 3650 749 3733 palmae
764 3649 1016 3713 assimulauisset.
1034 3646 1159 3712 Palmae
1174 3650 1277 3715 dicun·

147 3759 196 3813 tur
210 3751 241 3814 in
257 3749 413 3814 arboribus
429 3751 510 3828 nodi,
530 3754 608 3814 unde
624 3753 697 3816 rami
715 3753 872 3834 prodeunt,
890 3752 968 3834 quod
984 3774 1051 3815 cum
1067 3751 1164 3835 prima
1178 3772 1278 3815 ramo·

146 3872 213 3917 rum
236 3865 340 3938 parte,
371 3854 456 3936 quasi
486 3853 605 3938 digitis,
644 3854 783 3918 dilatatae
813 3876 920 3918 manus
957 3853 1088 3937 speciem
1116 3853 1276 3938 praebent.

144 3954 294 4041 Exempla
316 3956 404 4019 buius
428 3955 564 4019 uocabuli
590 3978 660 4021 usus
691 3957 808 4019 notauit
828 3954 1028 4021 Forcellinius
1059 3974 1100 4017 cx
1123 3954 1278 4035 Vonone,

145 4054 326 4137 Columella,
344 4056 456 4135 Plinio,
475 4060 580 4141 quibus
597 4061 652 4124 boc
669 4058 750 4123 Liuii
767 4059 833 4122 addi
851 4068 950 4142 potest
964 4054 1121 4136 xxxlll,
1139 4058 1161 4121 5
1185 4065 1277 4142 ‘quac

145 4162 289 4242 cuiusque
303 4160 413 4244 stipitis
429 4161 524 4244 palma
540 4163 601 4225 sit'.
638 4160 701 4226 lam
717 4164 743 4225 si
759 4162 801 4224 ita
818 4162 978 4239 scribitur,
1005 4171 1037 4223 ut
1059 4180 1151 4245 supra
1173 4160 1274 4243 posui,

144 4258 262 4325 Caesar
282 4283 298 4326 a
322 4284 438 4327 summo
454 4285 564 4328 cornus
580 4265 658 4329 sicut
675 4288 693 4328 a
707 4286 823 4329 summo
839 4264 953 4349 palmac
969 4284 1068 4327 rennos
1091 4262 1217 4328 dilluudi
1232 4262 1277 4326 di·

143 4373 204 4427 cet.
224 4360 312 4445 Quod
325 4386 384 4428 nou
399 4377 481 4430 reotc
496 4368 546 4429 lite
564 4389 624 4430 non
641 4368 719 4430 cuim
739 4389 887 4431 summum
900 4364 1275 4449 coruusummacpalmac,

141 4465 196 4530 sed
215 4466 272 4528 toti
300 4467 415 4550 palmae
444 4471 674 4554 comparandum
704 4482 786 4543 erat,
819 4493 887 4534 cum
909 4470 1037 4533 inicrior
1060 4490 1129 4555 pars
1159 4488 1274 4533 cornus

142 4567 237 4652 stipiti
252 4569 359 4634 similis
376 4583 469 4636 esset.
509 4570 583 4650 Sed,
606 4584 640 4636 ut
660 4573 736 4651 dixi,
757 4574 1007 4658 interpolatorum
1032 4573 1117 4636 codd.
1139 4592 1176 4635 ea
1194 4571 1274 4636 scri·

145 4680 233 4754 ptura
245 4683 304 4739 ost.
335 4670 371 4738 ln
385 4673 509 4759 reliquis
523 4675 660 4740 omuibus
674 4688 758 4743 recte
770 4676 914 4761 scriptum
930 4687 979 4742 est
1001 4674 1062 4739 ‘Ab
1076 4676 1143 4743 eius
1156 4692 1277 4741 summo
