2646 5124
512 566 815 635 ...70-

95 750 128 813 b.
145 748 205 812 cia.
221 745 249 825 l,
267 745 319 824 ll,
335 743 358 809 2
374 739 505 807 ‘Caesar
519 739 597 805 enim
613 739 777 804 aduentare
790 736 970 823 iamiamque
983 750 1017 804 et
1030 736 1142 804 adesse
1155 738 1223 805 siu

96 851 213 934 equites
229 849 306 915 lalso
329 844 561 911 nuntiabantur'
584 842 660 909 mira
683 841 850 928 pertinacia
870 840 1059 927 gemmatici
1081 840 1144 906 sibi
1165 840 1223 928 ip?

94 952 266 1016 illuserunt.
298 950 406 1013 Altero
421 946 500 1011 enirn
516 947 583 1011 loeo
597 946 665 1029 quis
680 965 740 1009 non
755 945 838 1010 uidet
850 943 1022 1010 rectissima
1034 941 1134 1029 ipsum
1143 941 1223 1011 cae-

95 1074 196 1119 sarem
211 1052 283 1134 (boe
296 1063 344 1116 est
359 1072 425 1115 cum
440 1050 624 1136 legionibus)
638 1049 739 1113 statim
755 1049 953 1113 aduenturum
967 1046 1039 1126 diei,
1056 1046 1222 1130 equitatu

96 1166 209 1234 annm,
225 1156 276 1240 qui
292 1154 470 1240 praecedere
485 1172 593 1237 agonen
607 1150 696 1229 solet,
713 1150 842 1215 adesset
856 1158 889 1213 et
902 1148 1003 1234 priore
1021 1158 1162 1234 umnam
1176 1158 1224 1215 est

98 1256 355 1342 ‘nonnumquam'
380 1256 497 1338 utrique
519 1253 654 1318 membro
676 1272 832 1317 commuue
847 1270 928 1317 esse.
973 1246 1063 1335 Quod
1077 1251 1147 1316 lieri
1161 1272 1222 1317 noa

95 1384 186 1447 posse
200 1358 416 1427 Scbneiderum
432 1357 508 1422 locis
522 1356 696 1440 quibusdam
712 1354 860 1434 collectis,
876 1352 984 1438 quibus
998 1352 1078 1417 idem
1089 1354 1223 1419 uocaba-

94 1464 156 1529 lum
171 1465 208 1529 ad
232 1466 314 1550 prius
339 1472 452 1527 tamum
473 1458 638 1525 membrum
659 1458 808 1544 pertinet,
831 1476 866 1521 se
880 1455 1025 1541 probasse
1039 1464 1149 1541 putare
1162 1476 1222 1523 noa

95 1566 244 1632 arbitror:
264 1567 290 1631 si
305 1564 434 1650 putauit,
450 1583 511 1628 uon
527 1583 594 1628 sum
610 1562 745 1647 equidem
759 1562 837 1626 adeo
850 1561 991 1646 ineptus,
1011 1568 1048 1623 ut
1068 1558 1103 1623 in
1118 1578 1154 1625 se
1167 1578 1223 1625 ne·

96 1670 214 1734 tissima
229 1668 366 1752 exempla
380 1665 532 1751 colligam.
556 1662 619 1747 Qui
629 1664 721 1739 idem,
739 1660 1223 1749 cumgradatioaemimpedimu·

95 1780 129 1836 to
144 1790 212 1835 esse
228 1770 282 1848 ait,
299 1790 359 1852 quo
374 1768 472 1832 miuus
484 1766 577 1833 uerba
593 1766 781 1832 ‘subsistere'
796 1774 828 1831 et
843 1762 1016 1832 ‘lacessere'
1032 1765 1139 1852 oopula
1151 1782 1222 1831 eos·

94 1874 270 1957 iungantur,
288 1871 355 1954 quid
373 1870 463 1934 laniet
478 1869 623 1934 entmnsis
639 1869 741 1933 uerbis
755 1890 784 1933 c.
801 1866 845 1933 23
866 1875 1007 1933 ‘nostros
1021 1888 1040 1931 a
1054 1866 1222 1933 monimina

95 1974 216 2060 agmine
230 1974 348 2057 insequi
363 1992 399 2035 ao
414 1974 565 2036 lacessere
585 1970 781 2056 coeperunt'l
811 1967 898 2053 Quae
919 1980 1021 2035 autem
1036 1970 1074 2035 de
1087 1969 1121 2035 b.
1138 1966 1219 2036 Gall·

96 2073 179 2156 Vll,
202 2073 265 2154 65,
289 2073 310 2139 5
325 2076 478 2161 leguntur,
504 2074 595 2138 etiam
610 2074 679 2138 aliis
694 2073 731 2137 de
747 2074 847 2137 causis
863 2082 1005 2158 corrupta
1018 2071 1221 2137 existimanda

95 2189 178 2258 sunt,
196 2179 233 2244 de
248 2177 353 2261 quibus
367 2198 425 2241 suo
439 2177 506 2242 loeo
522 2178 649 2243 dicetur.
672 2172 735 2241 Sed
746 2187 780 2240 ut
795 2176 832 2240 ad
847 2176 945 2241 locum
960 2176 998 2240 de
1011 2174 1043 2239 b.
1060 2171 1144 2239 (lull.
1159 2170 1220 2255 ltl,

93 2278 148 2360 20,
165 2282 199 2360 2,
216 2301 304 2365 quem
319 2301 414 2366 paene
430 2280 608 2358 dimisimus,
624 2288 775 2358 reuertan
793 2274 976 2343 ciacconius
990 2275 1066 2341 uidit
1080 2286 1222 2363 corrupta

94 2405 163 2449 esse
179 2385 252 2449 baec
269 2384 381 2448 uerba:
400 2384 489 2448 ‘uiris
506 2383 633 2447 lontibus
648 2380 764 2446 Tolosa
779 2391 809 2445 et
822 2378 980 2457 Narbone,
1000 2400 1077 2466 quae
1091 2391 1166 2444 sont
1179 2381 1222 2445 ei·

93 2490 204 2554 uitales
221 2486 338 2553 Galbae
359 2485 532 2571 prouinciae
554 2486 713 2562 finitimae,
737 2505 777 2548 ex
793 2484 839 2547 bis
854 2480 1029 2567 regiombos
1045 2483 1221 2547 nominatim

94 2592 250 2655 euocatis'.
282 2587 389 2672 ltaque
405 2588 503 2651 deleta
518 2588 739 2671 praepositione
764 2587 840 2650 ‘ox'
863 2586 905 2650 ita
922 2586 995 2649 baec
1010 2585 1221 2652 constituenda

93 2693 190 2757 dixit:
210 2693 297 2756 ‘uiris
314 2690 440 2754 lontibus
456 2688 571 2754 Tolosa
588 2699 618 2754 et
631 2687 797 2767 Narbone,
814 2699 975 2772 quaesunt
990 2689 1131 2754 ciuitates
1147 2686 1221 2754 Gal·

93 2795 152 2859 liae
168 2794 342 2877 prouinciae
356 2794 499 2856 buitimae
514 2793 560 2856 bis
575 2791 763 2876 regionibus,
780 2792 956 2856 nominatim
967 2791 1126 2854 euocatis’.
1152 2788 1219 2874 Qua

94 2895 304 2959 emendatione
325 2894 399 2957 nibil
423 2894 550 2979 cogitari
573 2895 676 2959 uerius
700 2905 810 2979 potest.
858 2890 1060 2959 Schneiderus
1082 2893 1220 2958 codicum

92 2997 259 3082 scripturae
275 2996 440 3081 patrocinio
455 3006 595 3081 suscepto
610 2995 758 3061 ablatiuos
775 2995 911 3062 ‘Tolosa
927 3007 958 3060 et
971 2994 1136 3061 Narbone’
1159 3016 1221 3061 non

94 3122 161 3164 cum
178 3099 335 3185 participio
353 3099 509 3164 ‘euocatis'
526 3099 750 3184 coniungendos
765 3120 845 3178 esse,
864 3099 917 3190 sed
934 3099 1030 3163 ‘uiros
1046 3099 1142 3163 lortes
1156 3096 1221 3163 To·

93 3203 158 3268 losa
172 3214 205 3267 et
217 3200 381 3267 Narbone'
397 3203 456 3267 diei
472 3203 627 3267 contendit
642 3213 676 3265 ut
691 3200 854 3266 Tolosates
870 3212 901 3265 et
914 3199 1154 3279 Narbonenses,
1177 3202 1221 3267 ci-

93 3307 203 3372 uitates
218 3316 318 3372 autem
334 3306 401 3370 illus
417 3306 599 3390 Aquitaniae
614 3305 757 3369 finitimas
781 3304 839 3368 dici
856 3324 909 3388 per
923 3325 957 3367 se
971 3303 1105 3387 intellegi
1120 3314 1218 3389 putat.

93 3404 153 3472 Sed
169 3430 265 3493 neque
282 3409 338 3474 boc
362 3431 466 3475 uerum
489 3421 556 3483 est,
585 3419 616 3472 et
630 3409 766 3472 homines
779 3404 940 3471 Tolosates
956 3417 987 3471 et
1000 3404 1221 3471 Narbonenses

93 3521 235 3573 euocatos
251 3510 309 3573 dici
324 3533 364 3576 ex
382 3512 545 3595 Aquitania
561 3510 654 3592 (aliae
670 3511 748 3575 enim
766 3508 842 3574 ‘bae
857 3509 1014 3596 regiones’
1030 3510 1085 3574 boc
1100 3517 1171 3591 est,
1186 3507 1219 3572 in

93 3609 200 3697 quibus
216 3605 348 3675 Crassus
370 3623 453 3691 erat,
476 3610 611 3694 intellegi
635 3633 696 3675 non
718 3615 867 3696 possunt)
890 3611 979 3696 plane
1002 3611 1134 3696 ineptum
1157 3620 1218 3677 est.

91 3708 173 3775 Nam
190 3716 256 3794 quis
272 3711 360 3775 bomo
374 3713 450 3777 satis
465 3713 583 3796 quidem
599 3734 692 3779 sanus
715 3735 766 3779 eos
790 3734 832 3778 ex
845 3713 1010 3797 Aquitania
1032 3714 1129 3798 potius
1144 3735 1221 3780 eon·

94 3823 251 3889 uocasset,
274 3812 324 3878 ubi
348 3825 392 3879 tot
407 3815 520 3890 luisse,
542 3826 576 3880 ut
589 3813 722 3882 Crassos
738 3836 840 3880 eorum
857 3815 972 3881 auxilio
987 3815 1086 3880 iuuari
1100 3824 1218 3901 posset,

92 3936 131 3981 ne
146 3916 289 3982 credibile
304 3917 421 4000 quidem
437 3928 495 3999 est,
513 3940 600 4001 quam
616 3941 657 3985 ex
671 3919 744 4004 ipsis
759 3920 944 3996 ciuitatibus,
961 3938 1039 4002 quae
1055 3928 1086 3983 et
1097 3919 1222 4003 propin·

94 4038 170 4101 qnae
187 4029 276 4084 erant
296 4030 328 4083 et
348 4041 467 4085 omnem
487 4023 602 4108 copiam
625 4021 828 4108 praebebant?
869 4020 970 4086 Aliam
992 4022 1141 4085 rationem
1156 4018 1218 4085 al.

93 4117 149 4185 Fr.
168 4119 326 4186 Gronouio
340 4122 376 4185 ad
387 4119 460 4187 Liu.
476 4121 586 4204 XXV,
602 4125 646 4191 27
661 4125 857 4211 propositam,
874 4125 925 4208 qui
940 4125 1107 4189 orationem
1122 4144 1221 4187 enun-

95 4223 169 4287 tiato
185 4224 314 4290 relatiuo
328 4226 525 4313 interruptam
542 4227 644 4293 uerbis
669 4241 728 4293 ‘ex
745 4226 790 4292 bis
804 4226 994 4313 regionibus'
1016 4224 1221 4313 redintegrari

94 4327 306 4409 existimabat,
331 4330 369 4395 ob
391 4330 567 4397 breuitatem
584 4331 731 4396 enuntiati
747 4330 898 4397 interiecti
913 4341 997 4395 recte
1012 4326 1219 4395 Scbueiderns

94 4428 285 4514 improbauit.
316 4429 377 4497 Sed
392 4434 470 4517 quod
484 4441 587 4519 potat,
610 4433 636 4497 si
651 4433 745 4518 ipsius
761 4434 930 4514 sententia,
956 4455 1043 4517 quom
1065 4432 1154 4496 modo
1170 4450 1221 4496 rs-

95 4533 200 4611 lutaui,
218 4555 278 4598 nou
294 4534 482 4621 probaretur,
499 4534 638 4600 ublatiuis
656 4535 784 4602 ‘Tolosa
799 4549 830 4602 et
847 4536 1009 4602 Narboue’
1024 4537 1121 4601 locum
1139 4533 1220 4599 desi·

95 4638 182 4717 goari
197 4655 309 4723 posses
330 4640 409 4705 unde
423 4639 542 4706 litterae
557 4661 576 4705 a
591 4635 707 4705 Crasso
720 4640 832 4707 missae
846 4652 961 4721 esseut,
979 4651 1033 4705 aut
1049 4636 1218 4703 ‘Tolosae'
