2646 5124
418 558 742 626 —251—

49 734 149 801 ustus
164 731 272 797 uerbis
285 730 476 815 adiungendo
497 743 573 797 eret.
607 732 676 798 fluo
695 736 790 820 igitur
809 738 963 820 pertinere
983 755 1055 828 puto
1079 745 1152 813 iliud

49 837 124 917 ιη’,
141 835 222 921 quod
236 853 330 918 supra
346 833 522 898 deleuimus.
554 830 615 900 Sed
631 836 702 920 quid
717 840 863 921 porticula
889 843 959 904 ‘ao'
984 845 1154 910 iaciemus?

49 938 108 1005 ti'u
122 936 237 1016 uerbis,
254 958 272 1001 u
287 933 395 1019 quibus
408 934 497 1000 modo
511 937 640 1020 digressi
655 960 769 1019 sumus,
787 942 819 1004 iu
834 938 915 1006 Sosi.
934 955 965 1007 et
978 943 1066 1009 Leid.
1085 968 1148 1011 see.

49 1060 84 1105 ιι
96 1040 182 1127 ‘ugi'‚
199 1038 254 1104 sed
278 1037 345 1101 ‘et'
367 1038 585 1122 scriptumest.
616 1038 651 1104 id
666 1042 737 1105 mihi
753 1044 873 1107 uidetur
886 1045 996 1110 indicio
1011 1069 1079 1112 esse
1095 1071 1150 1132 pro

49 1142 181 1229 io‘ugi’
202 1141 374 1225 ponendum
395 1160 463 1204 esse
487 1142 571 1220 ‘uo'‚
602 1154 672 1228 post
693 1146 770 1208 hano
794 1146 970 1228 particulam
999 1158 1097 1213 eutem
1119 1162 1150 1214 et

49 1244 335 1311 memorationem
351 1243 475 1307 ulterius
489 1245 554 1324 rei,
579 1267 655 1328 quae
676 1248 802 1311 materia
817 1248 881 1310 fieri
897 1249 1012 1311 soleret
1026 1253 1040 1329 (
1046 1249 1150 1313 uineas

49 1350 112 1413 tine
126 1350 246 1432 puto),
269 1356 301 1410 et
315 1346 438 1410 uerbum
454 1347 586 1412 uotiuum
601 1348 764 1413 excidisse.
799 1346 914 1413 ‘Nam'
938 1360 969 1412 et
985 1351 1045 1413 ‘ao’
1060 1353 1152 1434 parti·

49 1452 122 1530 rho,
139 1472 211 1515 oum
225 1450 259 1513 iu
272 1450 412 1532 mar'giue
425 1448 555 1513 fuissent
569 1450 736 1533 ascriptus,
754 1450 854 1516 oiieuo
868 1451 936 1515 loeo
949 1451 1054 1516 illutus
1068 1463 1150 1515 suut.
1238 1516 1241 1521 .

104 1550 146 1619 C.
162 1552 220 1630 42,
235 1550 271 1627 7,
288 1550 340 1614 uhi
355 1550 429 1615 hueo
443 1551 475 1614 iu
490 1551 576 1615 eodd.
594 1553 708 1636 seriptu
722 1561 811 1616 suut:
837 1551 901 1615 ‘Au
916 1573 964 1616 me
979 1552 1078 1617 deleto
1093 1574 1156 1615 uou

49 1652 310 1722 monetatis
325 1653 427 1717 decem
441 1650 553 1717 hebere
566 1652 703 1737 legiones
718 1654 856 1739 populum
871 1652 1061 1727 Romanum,
1078 1675 1155 1737 queo

49 1778 89 1825 on
107 1758 203 1823 solum
223 1754 311 1820 uobis
334 1755 500 1831 obsistere,
524 1756 580 1821 sed
601 1756 691 1821 etism
713 1754 828 1819 caelum
845 1756 962 1820 diruere
978 1754 1152 1838 posseutt'‚

49 1859 181 1927 nutum
200 1879 358 1923 numerum
381 1858 490 1923 deleui.
524 1854 608 1922 Num
628 1878 697 1923 oum
720 1853 780 1922 Cu.
796 1854 957 1941 Pompeius
976 1857 1154 1922 adolescens

49 1960 243 2048 inopiniam
256 1960 392 2038 ueniret,
410 1960 489 2044 quod
505 1961 615 2025 iactum
630 1969 678 2023 est
690 1959 777 2022 iuitio
791 1958 860 2024 belli
875 1958 1012 2023 Africani
1027 1959 1070 2041 (b.
1081 1957 1151 2021 Au.

49 2064 108 2149 Β),
133 2083 240 2128 omues
261 2061 434 2147 prouinciae
456 2071 578 2146 praeter
591 2060 728 2126 Africum
742 2072 774 2126 et
788 2061 964 2147 Hispaniam
979 2061 1154 2125 ulteriorem

49 2160 223 2233 tenesmis
235 2173 383 2248 potestate
398 2174 497 2228 eruut.
534 2161 571 2227 Iu
592 2162 640 2227 bis
660 2162 754 2249 igitur
776 2163 876 2247 plures
892 2184 978 2245 quam
994 2163 1096 2226 desem
1111 2160 1155 2223 le-

49 2268 143 2341 ioues
157 2267 252 2330 finisse
265 2266 331 2349 quid
344 2265 546 2329 demonstrari
561 2286 635 2353 opus
651 2267 715 2332 esti
743 2262 898 2329 Numerus
915 2274 966 2327 aut
978 2265 1055 2326 mole
1069 2283 1155 2345 repe-

49 2369 91 2435 its
103 2369 246 2455 proxime
259 2369 412 2454 superiore
427 2368 529 2433 littera
543 2379 629 2434 ortus
644 2379 704 2447 est,
728 2379 813 2435 suta
833 2368 979 2453 magistro
994 2363 1156 2446 interpola·

49 2490 93 2550 ut,
108 2473 162 2557 qui
177 2470 206 2534 b.
225 2466 304 2536 Gall.
321 2468 416 2550 Vlss,
434 2468 494 2549 39,
511 2471 619 2538 tieem
632 2471 785 2558 legionum
801 2489 978 2541 numerum,
1000 2461 1048 2543 ll,
1071 2461 1112 2539 2,
1136 2459 1155 2524 5

49 2572 124 2640 uie
140 2572 327 2640 ‘duodeeimo
342 2573 400 2639 tis
416 2572 536 2638 udiooit.
