2646 5124
507 596 816 664 ...13—

86 773 274 859 scriptorum
288 770 429 856 proprius
446 778 505 834 est.
537 765 669 835 Sublatis
684 771 765 836 enim
780 772 954 857 quibusdam
968 776 1160 848 librariorum
1176 808 1226 857 ep-

86 878 230 955 mbas,
254 874 361 960 quibus
383 873 499 937 relictis
521 873 621 938 nullus
643 875 774 960 scriptor
795 879 844 943 sui
865 879 972 943 similis
993 882 1072 958 erit,
1096 886 1171 951 nihil
1190 890 1223 953 in

87 981 144 1045 hoe
158 999 276 1064 genere
291 976 451 1042 inuenitur
464 976 494 1038 in
511 974 556 1039 his
572 979 808 1057 commentariis,
824 981 902 1064 quod
918 982 1082 1050 abhorrere
1097 1008 1115 1050 a
1132 985 1223 1057 Cice-

87 1084 174 1147 ronis
195 1093 228 1145 et
244 1076 390 1144 Caesaris
411 1079 625 1143 consuetudine
647 1080 742 1144 uideri
759 1084 865 1164 possit.
897 1085 941 1147 At
953 1087 1080 1169 reliquis
1096 1111 1138 1154 ex
1153 1113 1223 1177 par-

88 1186 168 1250 tibus
188 1186 217 1250 si
241 1182 297 1248 hos
317 1182 412 1245 libros
433 1202 500 1245 eum
523 1178 668 1246 Caesaris
695 1187 918 1251 commentariis
941 1208 1165 1272 comparamus,
1189 1196 1221 1260 iu

87 1298 198 1351 octauo
218 1283 299 1348 libro
321 1284 451 1349 debello
467 1280 585 1349 Gallico
601 1284 807 1350 desideramus
822 1298 855 1351 ct
869 1288 1036 1372 elegantem
1052 1293 1132 1358 illam
1148 1296 1221 1360 iaci·

89 1390 205 1454 litatem
229 1397 261 1451 et
283 1387 420 1472 uigorem
443 1396 532 1469 etque
553 1387 759 1465 alacritatem,
783 1410 840 1470 qua
857 1390 883 1453 is
899 1391 989 1455 nullis
1004 1394 1139 1458 artificiis
1154 1419 1221 1461 ora·

89 1492 178 1556 toriis
199 1489 343 1553 adhibitis
359 1488 488 1553 naturali
503 1489 616 1574 ingenii
633 1489 778 1553 felicitate
795 1502 944 1573 tamquam
959 1507 1151 1578 praesentem
1166 1519 1221 1563 ex·

89 1594 202 1679 pressit
223 1614 328 1656 rerum
351 1602 505 1675 gestamm
527 1593 699 1675 imaginem.
730 1590 956 1659 Lentitudinem
980 1597 1059 1667 euim
1076 1601 1221 1679 quandum

87 1707 120 1761 et
135 1695 377 1760 mediocritatem
398 1695 590 1778 agnoscimus
609 1694 676 1757 sine
698 1705 779 1757 motu
795 1705 844 1773 et,
869 1697 947 1780 quod
970 1698 1103 1764 maxime
1118 1721 1221 1784 repre·

88 1800 223 1876 denda,
249 1798 317 1863 sine
338 1796 497 1861 uarietate.
528 1795 609 1860 Nam
627 1795 785 1861 immodice
801 1818 836 1861 ea
852 1798 1069 1883 compositione
1084 1822 1157 1865 usus
1172 1814 1220 1866 est

87 1899 229 1978 Hirtius,
254 1908 289 1962 ut
318 1899 452 1984 protasio
481 1920 536 1982 per
558 1897 647 1962 ‘cum’
677 1899 854 1982 particulam
875 1901 1067 1984 incipientem
1093 1905 1218 1987 apodosi

87 2004 314 2088 praemitteret,
346 2002 544 2084 coniungeret
565 2012 665 2065 autem
686 2004 854 2067 sententias
877 2024 932 2087 per
953 2025 1118 2088 pronomen
1139 2008 1218 2071 rela-

88 2108 203 2184 tiuum,
228 2125 355 2187 quarum
385 2123 486 2168 rerum
517 2104 567 2167 iila
589 2104 679 2189 longa
701 2104 764 2168 iere
786 2106 938 2169 enuntiate
961 2109 1065 2186 efficit,
1090 2121 1218 2194 utraque

87 2208 207 2272 tardam
227 2220 260 2270 et
280 2216 363 2271 motu
380 2218 532 2271 carentem
548 2209 726 2271 orationem.
758 2206 858 2290 Atque
875 2220 908 2271 ιιι
923 2211 1016 2274 iorma
1033 2213 1218 2295 complexio·

90 2332 166 2374 num
194 2310 341 2374 uarietate
364 2318 466 2386 earet,
497 2309 540 2372 ita
561 2311 635 2374 ordo
656 2331 774 2393 quoque
798 2311 959 2375 uerborum
982 2315 1103 2377 ninnium
1126 2334 1217 2398 saepe

91 2414 172 2477 idern
192 2412 340 2490 recurrit,
365 2411 443 2474 huno
466 2411 549 2490 dico,
573 2422 608 2475 nt
628 2433 722 2497 pauca
743 2413 874 2497 exempli
895 2434 987 2479 causa
1002 2436 1128 2499 ponam:
1154 2416 1218 2499 ‘qui

90 2517 219 2602 prinum
234 2517 398 2579 aduentum
414 2525 573 2598 potuerant
590 2515 720 2600 effugere
736 2512 952 2579 Romanorum’
969 2516 1016 2597 (3,
1035 2517 1086 2597 3),
1112 2517 1219 2600 ‘legio-

92 2640 157 2682 nem
181 2639 225 2684 cs
247 2618 382 2683 hibernis
404 2629 511 2682 euocat
525 2638 630 2682 rursus
647 2619 840 2681 undecimam'
856 2615 903 2696 (6,
921 2614 975 2704 3),
1002 2620 1122 2685 ‘stultas
1138 2621 1220 2705 eogi-

93 2722 221 2786 tationes
235 2720 381 2785 incitabat
395 2721 599 2784 barbarorum'
616 2719 684 2797 (10,
701 2719 758 2801 4),
783 2726 839 2783 ‘en
855 2720 940 2785 siluis
954 2722 1103 2787 instructa
1119 2724 1218 2787 multi·

93 2826 161 2888 tudo
184 2824 322 2909 procedit
344 2824 493 2908 peditum,
517 2843 592 2907 qnae
616 2834 738 2886 nostros
761 2823 862 2908 eoigit
875 2823 982 2888 cedere
1004 2827 1129 2909 equites'
1146 2826 1216 2905 (19,

91 2925 135 3007 2).
167 2924 238 3009 Quo
263 2947 307 2991 ex
324 2946 436 3010 genere
451 2927 508 2990 etsi
525 2926 651 3010 plurima
666 2927 725 2989 iam
741 2926 937 3009 legebantur,
962 2928 1046 3012 plura
1061 2940 1160 2993 tamen
1176 2950 1217 2994 ex

94 3030 245 3093 codicibus
274 3029 413 3113 ponenda
442 3031 572 3092 fuerunt.
609 3026 776 3107 Taedium,
806 3029 882 3111 qnod
906 3030 995 3093 aiiert
1017 3033 1123 3097 creber
1145 3052 1219 3096 usus

95 3132 261 3216 particulae
283 3132 391 3210 ιοιιιιι’,
414 3131 502 3196 leniri
525 3141 659 3215 poterat,
681 3130 708 3192 si
729 3129 806 3192 aliae
828 3152 888 3194 non
907 3144 1011 3196 essent
1026 3155 1150 3216 prorsus
1166 3155 1220 3198 ne·

94 3233 234 3318 plectae:
262 3235 303 3296 ita
325 3231 505 3319 ‘postquam’
528 3253 567 3296 ne
596 3231 689 3297 semel
712 3232 828 3313 quidem
852 3234 979 3317 positum
1002 3245 1069 3313 est,
1103 3238 1158 3298 ‘nt’
1182 3238 1219 3301 de

95 3335 290 3420 temporetis
304 3333 380 3415 (36,
407 3335 423 3398 1
442 3345 472 3399 et
485 3332 546 3413 35,
571 3333 624 3416 5),
650 3332 721 3396 ‘ubi’
739 3342 785 3394 ter
799 3333 874 3412 (15,
897 3335 931 3398 7.
963 3332 1024 3410 36,
1039 3336 1073 3396 4.
1097 3334 1151 3413 48,
1167 3335 1218 3420 6),

94 3440 145 3503 sed
174 3439 236 3514 ita,
267 3449 302 3502 ut
328 3458 448 3522 semper
477 3438 580 3502 eadem
611 3436 701 3499 uerba
730 3445 879 3519 ponantur
903 3435 993 3518 ‘quod
1016 3435 1064 3499 ubi
1088 3439 1218 3505 accidit’.

95 3540 171 3607 Nam
188 3564 217 3606 c.
234 3540 297 3619 48,
321 3538 361 3618 7,
384 3540 435 3603 ubi
455 3538 556 3603 editur
578 3539 666 3621 ‘quod
690 3539 740 3602 ubi
760 3539 870 3601 maium
892 3539 953 3601 dux
979 3539 1044 3621 equi
1060 3541 1220 3608 uelocitate

95 3645 236 3720 scitscit,
258 3643 394 3727 grauiter
415 3641 592 3706 uulneratus
614 3644 802 3725 praefectus,
826 3652 861 3705 ut
882 3642 962 3706 uitae
977 3643 1140 3727 periculum
1155 3645 1220 3709 adi·

94 3758 180 3812 turus
195 3747 367 3823 uideretur,
389 3744 521 3808 reiertur
542 3743 573 3806 iu
594 3743 721 3820 castra'‚
746 3764 786 3806 ex
801 3746 976 3828 optimorum
993 3745 1127 3809 codicum
1143 3747 1220 3811 seri·

94 3862 177 3934 ptura
196 3850 339 3914 efficiturz
366 3843 466 3927 ‘Quod
487 3847 597 3909 mulum
619 3846 681 3909 dux
696 3847 765 3929 equi
781 3847 939 3911 uelocitate
955 3848 1099 3912 euitanit:
1123 3868 1159 3911 ao
1175 3849 1220 3911 sio

95 3953 209 4037 proelio
224 3950 358 4016 seeundo
373 3949 509 4034 grauiter
523 3947 561 4011 ab
575 3969 612 4011 eo
624 3947 797 4013 uulneratus
807 3951 986 4033 praefectus'
1001 3961 1089 4030 oett,
1103 3951 1133 4013 id
1142 3951 1220 4033 quod

96 4075 134 4118 ex
155 4064 245 4139 parte
266 4054 326 4116 iam
348 4050 507 4115 aDanisio
525 4062 556 4115 et
571 4047 784 4135 Oudendorpio
800 4052 1038 4117 animaduersum
1055 4064 1113 4117 est.
1144 4051 1222 4117 Fre·

96 4166 223 4240 quenter
243 4156 386 4240 leguntur
406 4153 571 4239 particulae
587 4152 667 4217 ‘etsi'
685 4153 734 4217 uel
758 4155 900 4218 ‘tametsi'
914 4192 958 4204 —
981 4156 1103 4220 ‘tamen’
1121 4153 1169 4233 (9,
1186 4153 1219 4218 2.

99 4257 260 4338 164118.
286 4255 394 4337 16,1.
421 4255 474 4334 19,
489 4255 522 4320 7.
545 4252 600 4332 26,
619 4254 650 4319 1.
674 4255 728 4333 27,
745 4252 776 4317 3.
800 4254 855 4335 28,
871 4255 905 4320 4.
928 4256 984 4335 29,
1002 4258 1034 4321 1.
1059 4255 1114 4332 56,
1132 4255 1167 4341 3)
1191 4266 1223 4320 et

100 4361 300 4446 ‘quamquam’
323 4398 366 4409 -
387 4358 510 4423 ‘tamen'
531 4359 638 4442 (praei.
653 4355 686 4421 8.
709 4355 764 4436 42,
788 4357 820 4421 3.
845 4357 899 4437 52,
922 4358 954 4423 3.
978 4358 1033 4435 55,
1049 4360 1104 4435 2)ι
1136 4380 1224 4422 num·

100 4486 185 4548 qnam
207 4464 303 4530 ‘lieet'
326 4473 378 4527 aut
400 4461 572 4546 ‘quamnim
605 4457 807 4543 ‘Priusquam'
827 4463 969 4547 seriptum
990 4473 1038 4527 est
1060 4460 1142 4541 3,1.
1167 4457 1221 4538 13,

101 4566 130 4630 3.
154 4568 208 4649 14,
225 4568 259 4633 2.
285 4563 341 4645 50,
357 4562 405 4628 3ι.
419 4583 577 4648 numquam
594 4565 787 4648 ‘antequam'.
819 4561 979 4648 ‘Repente'
995 4565 1124 4647 legimns
1139 4560 1172 4635 5,
1189 4560 1221 4624 1.

100 4666 133 4747 9,
154 4670 186 4736 1.
211 4668 268 4749 12,
284 4667 316 4735 3.
341 4668 394 4748 15,
409 4666 442 4735 7.
466 4664 630 4747 21121118.
652 4665 707 4746 27,
724 4667 757 4733 2.
780 4664 835 4746 22,
858 4664 889 4732 1.
911 4663 965 4744 36,
981 4665 1015 4730 4.
1039 4664 1094 4742 42,
1110 4663 1144 4728 2.
1167 4661 1223 4744 43,
