2646 5124
434 590 578 665 cotttt
593 594 642 665 lll
662 594 758 667 Call).
771 600 924 669 22-25.
1235 614 1299 685 ³25

121 754 253 837 bertario
281 790 387 835 onnes
402 788 499 835 annos
514 770 633 837 fueraut
646 794 850 862 summamque
864 777 1022 841 scientiam
1037 780 1083 845 rei
1099 784 1240 851 militaris

123 866 222 941 bbere
237 871 509 939 existimabantur.
554 872 596 937 lli
610 877 826 943 consuetudine
846 880 946 964 populi
963 878 1090 947 llomani
1106 884 1173 950 loca
1189 910 1240 953 ea-
1254 888 1275 954 6

122 996 191 1063 pare,
209 988 319 1043 eastra
333 977 462 1057 munire,
481 978 694 1043 commeatibus
710 992 832 1045 nostros
847 983 1048 1048 intercludere
1063 986 1235 1054 instituunt.

120 1076 196 1165 llrcd
212 1082 268 1147 ubi
285 1078 417 1147 Crassos
439 1080 670 1161 animaduertit,
701 1105 773 1148 suas
787 1085 890 1169 copias
905 1098 1027 1170 propter
1040 1090 1236 1175 exiguitatem
1252 1093 1274 1159 7

91 1190 170 1251 taon
185 1184 282 1251 laeile
296 1184 407 1264 diduci,
425 1184 540 1249 bostem
556 1194 588 1249 et
602 1186 707 1269 uagari
722 1198 753 1249 et
769 1187 835 1251 uias
844 1188 983 1253 obsidere
994 1200 1025 1253 et
1039 1193 1147 1256 castris
1161 1196 1237 1259 satis

116 1288 253 1375 presidii
268 1288 462 1372 relinquere,
486 1286 525 1351 ob
547 1308 613 1353 ea·
636 1310 758 1353 eausam
774 1290 872 1355 miuus
888 1294 1042 1358 commode
1057 1296 1238 1361 trumentum

115 1400 370 1476 commeatumque
384 1389 441 1455 sibi
457 1392 646 1475 supportari,
674 1392 706 1456 in
722 1393 785 1457 dies
801 1394 932 1457 bostium
949 1416 1104 1461 numerum
1119 1400 1236 1483 augeri,

113 1514 168 1559 ron
181 1494 389 1560 cuncundum
405 1494 613 1573 existimauit,
638 1496 711 1580 quin
727 1517 827 1581 pugna
842 1498 1023 1563 decertaret.
1071 1498 1136 1565 ldae
1150 1522 1185 1565 re
1200 1502 1237 1565 ad
1251 1500 1274 1567 8

113 1598 269 1663 manilium
285 1595 398 1675 delata,
416 1596 467 1661 ubi
482 1596 796 1663 omnesidemseutire
810 1600 975 1675 intellexit,
992 1613 1145 1686 posterum
1160 1604 1238 1667 diem

67 1706 98 1763 tt
114 1720 229 1785 pugnae
250 1699 421 1765 constituit.
465 1696 568 1765 Prima
589 1701 655 1764 luce
677 1701 828 1785 productis
852 1704 988 1767 omnibus
1010 1706 1105 1789 copiis
1129 1705 1296 1790 dupliciu

116 1802 179 1867 acie
192 1804 343 1883 instituta,
360 1803 483 1868 auxiliis
498 1804 529 1867 in
544 1803 671 1868 mediam
683 1807 776 1869 aciem
787 1806 943 1884 coniectis,
960 1807 1029 1890 quid
1047 1808 1149 1872 bostes
1164 1829 1236 1872 con·

113 1906 170 1971 silii
183 1918 341 1991 caperent,
359 1906 550 1991 expectabat.
583 1904 642 1986 llli‚
662 1908 720 1974 etsi
735 1922 857 1994 propter
872 1910 1089 1975 multitudinem
1106 1922 1137 1975 et
1151 1912 1270 1976 ueto-2

111 2030 171 2075 rem
194 2010 269 2076 belli
291 2011 419 2095 gloriam
442 2010 682 2098 paucitatemque
703 2024 875 2077 nostrorum
897 2032 931 2076 se
954 2024 1018 2077 tuto
1042 2014 1234 2077 dimicaturos

111 2112 349 2190 existimabant,
373 2122 473 2177 tamen
495 2114 588 2178 tutius
611 2134 679 2179 esse
694 2115 918 2180 arbitrabantur
932 2116 1064 2180 obsessis
1080 2117 1137 2181 uiis
1153 2138 1235 2179 com·

67 2220 94 2275 u
112 2226 216 2279 meatu
229 2214 393 2279 intercluso
413 2215 480 2281 sine
503 2217 563 2281 ullo
587 2217 712 2282 uulnere
735 2218 863 2281 uictoria
885 2218 975 2301 potiri
991 2228 1040 2295 et,
1065 2219 1091 2281 si
1114 2214 1271 2301 propterd

113 2316 249 2400 inopiam
264 2315 313 2380 rei
326 2320 534 2384 trumentariae
548 2318 679 2383 llomaui
696 2342 764 2385 sese
780 2322 916 2406 recipere
931 2320 1119 2401 coepissent,
1143 2320 1236 2403 impe-

114 2419 196 2483 ditos
218 2418 252 2483 in
274 2418 390 2503 agmine
409 2432 440 2487 et
454 2423 510 2487 sub
525 2422 655 2487 sarcinis
676 2424 840 2488 iulirmiore
863 2423 963 2487 animo
987 2422 1100 2485 adoriri
1123 2421 1237 2505 cogita·

111 2520 196 2587 bant.
241 2520 310 2587 lloc
325 2524 450 2589 oonsilio
466 2524 592 2611 probato
606 2523 644 2589 ab
659 2526 781 2590 ducibus
796 2528 947 2610 productis
965 2524 1169 2588 Romanorum
1185 2522 1273 2587 col

111 2625 166 2711 piis
186 2646 261 2691 sese
282 2628 392 2692 castris
415 2628 570 2693 wnebant.
617 2626 683 2693 blac
707 2650 742 2693 re
764 2640 920 2713 perspecta
937 2626 1069 2692 Crassus
1092 2648 1159 2689 cuna
1182 2622 1270 2689 suab

70 2730 97 2787 tt
111 2728 303 2795 cunctatione
315 2740 408 2813 atque
423 2731 563 2815 opinione
587 2732 702 2796 timoris
726 2732 828 2795 hostes
845 2742 967 2795 nostros
984 2730 1092 2793 milites
1108 2729 1236 2793 alacrio-

112 2832 210 2895 resad
232 2833 429 2917 pugnandum
444 2834 636 2913 effecissent,
663 2845 753 2918 atque
776 2835 906 2897 ominium
931 2856 1021 2898 uoces
1045 2832 1232 2911 audirentur,

112 2936 265 3019 expectari
280 2936 395 3000 diutius
411 2958 471 3001 non
486 2947 647 3019 oportere,
672 2938 744 3020 quin
760 2940 797 3001 ad
812 2948 912 3001 castra
928 2939 1043 3017 iretur,
1059 2937 1234 3001 cohortatus

112 3056 178 3101 auos
193 3038 337 3103 omnibus
352 3039 538 3125 cupientibus
559 3040 596 3102 ad
619 3040 748 3103 bostium
771 3052 870 3105 castra
886 3042 1051 3105 contendit.
1097 3038 1142 3103 lbi
1165 3060 1233 3103 cum
1247 3036 1291 3107 25

112 3138 160 3203 alii
174 3142 276 3205 lossas
291 3142 489 3226 complerent,
513 3142 565 3206 alii
587 3142 687 3205 multis
709 3144 777 3206 telis
800 3144 942 3207 coniectis
965 3144 1140 3207 defensores
1155 3141 1235 3204 uallo

78 3240 99 3295 ll
112 3244 382 3327 munitionibusque
396 3245 592 3329 depellerent,
608 3245 846 3326 auxiliaresque,
864 3245 972 3326 quibus
984 3245 1021 3305 ad
1037 3263 1164 3325 pugnam
1174 3262 1236 3302 non

113 3346 232 3409 nultum
248 3340 383 3411 Crassus
406 3348 591 3424 confidebat,
616 3346 763 3429 lapidibus
788 3346 913 3427 telisque
928 3341 1190 3408 subministrandis
1206 3348 1238 3403 et

113 3446 147 3509 ad
162 3468 306 3533 aggerem
330 3450 491 3533 cespitibus
517 3449 729 3535 comportandis
745 3449 875 3532 speciem
891 3456 981 3529 atque
998 3443 1167 3528 opinionem
1182 3464 1237 3526 pu·

112 3551 268 3633 guantium
282 3552 480 3637 praeberent,
504 3550 659 3616 comitem
675 3551 712 3614 ab
729 3550 866 3615 hostibus
882 3558 1056 3613 constanter
1071 3568 1106 3609 ac
1123 3567 1182 3609 non
1199 3544 1236 3609 ti-

113 3652 186 3719 mide
199 3666 411 3741 pugnaretur,
433 3655 553 3739 telaque
578 3675 619 3719 ex
644 3656 711 3718 loco
737 3654 893 3739 superiore
917 3651 1011 3716 missa
1036 3672 1098 3714 non
1125 3650 1235 3714 trustra

213 3836 472 3888 2ereattmabantur
484 3837 520 3887 lali
533 3848 735 3904 commupe·
747 3838 762 3888 la
775 3839 810 3888 tt.
910 3838 926 3889 3
940 3836 1065 3886 insistunt
1078 3834 1148 3899 dos.

114 3912 230 3968 bdetlsel
243 3917 269 3967 A
276 3916 302 3968 B
309 3917 379 3981 CB,
396 3916 548 3985 ‘pleriqua’,
563 3932 655 3967 omnes
667 3915 831 3967 Sebneidert
838 3918 953 3982 praeter
964 3928 1048 3964 unum
1061 3910 1116 3961 det.

112 3990 331 4061 boote-euagon
345 3996 379 4046 D.
483 3994 887 4063 deaestimaultll,putauitb.
1000 3990 1120 4043 aerell.

112 4069 142 4121 ad
153 4086 206 4123 cae.
220 4088 259 4123 ιι.
272 4089 335 4139 sup.
349 4088 422 4125 uera.
435 4073 470 4125 B.
577 4072 607 4126 td
621 4073 718 4139 duplici
731 4074 805 4124 aciae
817 4076 851 4123 B.
958 4071 987 4123 ll
1004 4068 1132 4122 contectis
1147 4065 1232 4129 Ced,

111 4146 226 4201 eallaetta
239 4151 420 4217 Anonos.
527 4152 729 4218 ltespectabat
740 4152 774 4203 B.
863 4158 1020 4202 etueterutn
1037 4151 1234 4213 C,etpropter

111 4227 262 4279 ament.
372 4228 404 4281 lb
417 4229 556 4281 totoetll
571 4230 650 4279 totins
663 4246 700 4280 m.
711 4244 756 4295 pr.
770 4230 804 4279 B.
893 4225 1124 4290 l5ulloom.bs.

111 4302 141 4357 ll
151 4306 296 4359 inbmlore
308 4306 334 4357 A
339 4306 397 4359 ΒΕ
409 4307 536 4375 ‘plurime'
546 4306 803 4372 uetustissimiqne’5
815 4304 943 4357 interiore
957 4304 1020 4355 bed
1027 4320 1056 4367 e,
1077 4300 1234 4365 interioris.

213 4386 249 4439 2⁰
263 4392 343 4452 atque
356 4386 448 4452 omJ.
554 4386 691 4453 oppinione
703 4386 753 4437 A.'
860 4384 963 4435 tlncria
976 4384 1134 4449 Stephanus
1141 4420 1150 4445 ,
1165 4379 1232 4431 timi·

110 4457 191 4513 diores
203 4464 388 4516 eodd.P.⁷².
509 4464 541 4519 at
556 4464 589 4514 ad
602 4466 749 4535 pugnans.
889 4459 1235 4526 edeeisaeutAll(aedbic

110 4536 170 4605 ab)
184 4540 240 4592 ct)
249 4542 293 4605 155
307 4541 442 4594 elleeisset
453 4558 482 4606 e,
497 4540 642 4610 lecissets.
753 4542 789 4597 22
800 4541 935 4608 expectari
947 4544 981 4591 B.
1068 4538 1102 4591 23
1119 4535 1162 4586 ubi
1176 4546 1234 4583 cum

111 4611 193 4667 lassas
206 4618 259 4683 bs.
363 4620 400 4672 rt
412 4617 566 4686 complerent
576 4618 611 4671 B.
732 4619 767 4675 26
780 4617 962 4685 lapidibusque
975 4622 1002 4666 et
1015 4614 1075 4666 telis
1090 4612 1122 4663 0.

110 4690 140 4745 tt
151 4694 340 4762 conportaadia
351 4696 385 4748 B.
