<?xml version="1.0" encoding="UTF-8"?>
<!DOCTYPE html PUBLIC "-//W3C//DTD XHTML 1.0 Transitional//EN"
    "http://www.w3.org/TR/xhtml1/DTD/xhtml1-transitional.dtd">
<html xmlns="http://www.w3.org/1999/xhtml" xml:lang="en" lang="en">
 <head>
  <title>
</title>
<meta http-equiv="Content-Type" content="text/html;charset=utf-8" />
  <meta name='ocr-system' content='tesseract 3.04.00' />
  <meta name='ocr-capabilities' content='ocr_page ocr_carea ocr_par ocr_line ocrx_word'/>
</head>
<body>
  <div class='ocr_page' id='page_1' title='image "./civliicaesarisc01hirtgoog_0681.png"; bbox 0 0 2646 5124; ppageno 0'>
   <div class='ocr_carea' id='block_1_1' title="bbox 519 574 1301 649">
    <p class='ocr_par' dir='ltr' id='par_1_1' title="bbox 519 574 1301 649">
     <span class='ocr_line' id='line_1_1' title="bbox 519 574 1301 649; baseline -0.003 0"><span class='ocrx_word' id='word_1_1' title='bbox 519 574 837 649; x_wconf 71' lang='lat' dir='ltr'><strong>camos-uo.</strong></span> <span class='ocrx_word' id='word_1_2' title='bbox 1236 578 1301 647; x_wconf 77' lang='grc'><strong>713</strong></span> 
     </span>
    </p>
   </div>
   <div class='ocr_carea' id='block_1_2' title="bbox 67 749 1297 2885">
    <p class='ocr_par' dir='ltr' id='par_1_2' title="bbox 67 749 1297 2885">
     <span class='ocr_line' id='line_1_2' title="bbox 115 749 1238 842; baseline -0.001 -23"><span class='ocrx_word' id='word_1_3' title='bbox 115 754 226 842; x_wconf 75' lang='lat' dir='ltr'><strong>populo</strong></span> <span class='ocrx_word' id='word_1_4' title='bbox 241 752 385 819; x_wconf 84' lang='lat' dir='ltr'><strong>contione</strong></span> <span class='ocrx_word' id='word_1_5' title='bbox 398 750 501 819; x_wconf 76' lang='lat' dir='ltr'><strong>babitu</strong></span> <span class='ocrx_word' id='word_1_6' title='bbox 513 750 688 817; x_wconf 69' lang='lat' dir='ltr'><strong>cohibetur</strong></span> <span class='ocrx_word' id='word_1_7' title='bbox 700 770 825 830; x_wconf 87' lang='lat' dir='ltr'><strong>omues,</strong></span> <span class='ocrx_word' id='word_1_8' title='bbox 849 762 883 815; x_wconf 90' lang='lat' dir='ltr'><strong>nt</strong></span> <span class='ocrx_word' id='word_1_9' title='bbox 905 759 1011 835; x_wconf 77' lang='lat' dir='ltr'><strong>portae</strong></span> <span class='ocrx_word' id='word_1_10' title='bbox 1032 749 1238 834; x_wconf 76' lang='lat' dir='ltr'><strong>squirentnrs</strong></span> 
     </span>
     <span class='ocr_line' id='line_1_3' title="bbox 115 850 1278 939; baseline -0.004 -14"><span class='ocrx_word' id='word_1_11' title='bbox 115 878 152 925; x_wconf 82' lang='lat' dir='ltr'><strong>ss</strong></span> <span class='ocrx_word' id='word_1_12' title='bbox 164 858 198 923; x_wconf 95' lang='lat' dir='ltr'><strong>in</strong></span> <span class='ocrx_word' id='word_1_13' title='bbox 213 852 254 922; x_wconf 87' lang='lat' dir='ltr'><strong>C.</strong></span> <span class='ocrx_word' id='word_1_14' title='bbox 272 851 418 921; x_wconf 77' lang='lat' dir='ltr'><strong>Caesaris</strong></span> <span class='ocrx_word' id='word_1_15' title='bbox 432 854 590 920; x_wconf 85' lang='lat' dir='ltr'><strong>elementis</strong></span> <span class='ocrx_word' id='word_1_16' title='bbox 606 873 746 938; x_wconf 75' lang='lat' dir='ltr'><strong>usgutni</strong></span> <span class='ocrx_word' id='word_1_17' title='bbox 761 873 843 938; x_wconf 80' lang='lat' dir='ltr'><strong>spem</strong></span> <span class='ocrx_word' id='word_1_18' title='bbox 865 853 987 917; x_wconf 84' lang='lat' dir='ltr'><strong>bebere.</strong></span> <span class='ocrx_word' id='word_1_19' title='bbox 1019 850 1123 939; x_wconf 89' lang='lat' dir='ltr'><strong>ltaque</strong></span> <span class='ocrx_word' id='word_1_20' title='bbox 1145 856 1241 938; x_wconf 84' lang='lat' dir='ltr'><strong>portis</strong></span> <span class='ocrx_word' id='word_1_21' title='bbox 1256 856 1278 920; x_wconf 95' lang='grc'>7</span> 
     </span>
     <span class='ocr_line' id='line_1_4' title="bbox 116 952 1238 1046; baseline -0.002 -23"><span class='ocrx_word' id='word_1_22' title='bbox 116 958 277 1046; x_wconf 80' lang='lat' dir='ltr'><strong>patefactis</strong></span> <span class='ocrx_word' id='word_1_23' title='bbox 291 955 381 1023; x_wconf 81' lang='lat' dir='ltr'><strong>Vtica</strong></span> <span class='ocrx_word' id='word_1_24' title='bbox 396 978 537 1042; x_wconf 68' lang='lat' dir='ltr'><strong>egressus</strong></span> <span class='ocrx_word' id='word_1_25' title='bbox 550 952 679 1023; x_wconf 65' lang='lat' dir='ltr'><strong>creans·</strong></span> <span class='ocrx_word' id='word_1_26' title='bbox 699 955 874 1040; x_wconf 82' lang='lat' dir='ltr'><strong>imperatori</strong></span> <span class='ocrx_word' id='word_1_27' title='bbox 894 953 1012 1019; x_wconf 89' lang='lat' dir='ltr'><strong>obuiam</strong></span> <span class='ocrx_word' id='word_1_28' title='bbox 1029 957 1238 1041; x_wconf 83' lang='lat' dir='ltr'><strong>proficiscitur.</strong></span> 
     </span>
     <span class='ocr_line' id='line_1_5' title="bbox 115 1056 1241 1145; baseline -0.004 -18"><span class='ocrx_word' id='word_1_29' title='bbox 115 1060 272 1139; x_wconf 75' lang='lat' dir='ltr'><strong>Messala,</strong></span> <span class='ocrx_word' id='word_1_30' title='bbox 296 1070 330 1124; x_wconf 87' lang='lat' dir='ltr'><strong>nt</strong></span> <span class='ocrx_word' id='word_1_31' title='bbox 343 1070 412 1125; x_wconf 81' lang='lat' dir='ltr'><strong>ent</strong></span> <span class='ocrx_word' id='word_1_32' title='bbox 424 1061 619 1145; x_wconf 78' lang='lat' dir='ltr'><strong>imperatum,</strong></span> <span class='ocrx_word' id='word_1_33' title='bbox 642 1056 763 1124; x_wconf 77' lang='lat' dir='ltr'><strong>Vticam</strong></span> <span class='ocrx_word' id='word_1_34' title='bbox 785 1058 923 1142; x_wconf 83' lang='lat' dir='ltr'><strong>peruenit</strong></span> <span class='ocrx_word' id='word_1_35' title='bbox 936 1060 1133 1144; x_wconf 89' lang='lat' dir='ltr'><strong>omnibusque</strong></span> <span class='ocrx_word' id='word_1_36' title='bbox 1147 1061 1241 1144; x_wconf 83' lang='lat' dir='ltr'><strong>portis</strong></span> 
     </span>
     <span class='ocr_line' id='line_1_6' title="bbox 75 1163 381 1248; baseline -0.007 -20"><span class='ocrx_word' id='word_1_37' title='bbox 75 1176 93 1228; x_wconf 80' lang='lat' dir='ltr'><strong>t</strong></span> <span class='ocrx_word' id='word_1_38' title='bbox 118 1164 271 1229; x_wconf 74' lang='lat' dir='ltr'><strong>custodias</strong></span> <span class='ocrx_word' id='word_1_39' title='bbox 285 1163 381 1248; x_wconf 81' lang='lat' dir='ltr'><strong>ponit.</strong></span> 
     </span>
     <span class='ocr_line' id='line_1_7' title="bbox 204 1260 1297 1348; baseline -0.002 -18"><span class='ocrx_word' id='word_1_40' title='bbox 204 1263 321 1331; x_wconf 84' lang='lat' dir='ltr'><strong>Caesar</strong></span> <span class='ocrx_word' id='word_1_41' title='bbox 335 1264 453 1329; x_wconf 74' lang='lat' dir='ltr'><strong>interi·</strong></span> <span class='ocrx_word' id='word_1_42' title='bbox 468 1285 487 1327; x_wconf 81' lang='lat' dir='ltr'>a</span> <span class='ocrx_word' id='word_1_43' title='bbox 502 1260 627 1347; x_wconf 75' lang='lat' dir='ltr'><strong>Thapso</strong></span> <span class='ocrx_word' id='word_1_44' title='bbox 646 1282 826 1347; x_wconf 81' lang='lat' dir='ltr'><strong>progressus</strong></span> <span class='ocrx_word' id='word_1_45' title='bbox 840 1261 984 1329; x_wconf 85' lang='lat' dir='ltr'><strong>Vssetam</strong></span> <span class='ocrx_word' id='word_1_46' title='bbox 1007 1264 1164 1348; x_wconf 83' lang='lat' dir='ltr'><strong>peruenit,</strong></span> <span class='ocrx_word' id='word_1_47' title='bbox 1187 1264 1238 1328; x_wconf 90' lang='lat' dir='ltr'><strong>ubi</strong></span> <span class='ocrx_word' id='word_1_48' title='bbox 1250 1263 1297 1335; x_wconf 75' lang='grc'><strong>811</strong></span> 
     </span>
     <span class='ocr_line' id='line_1_8' title="bbox 116 1364 1240 1452; baseline -0.003 -19"><span class='ocrx_word' id='word_1_49' title='bbox 116 1364 220 1451; x_wconf 81' lang='lat' dir='ltr'><strong>Scipio</strong></span> <span class='ocrx_word' id='word_1_50' title='bbox 233 1388 376 1452; x_wconf 70' lang='lat' dir='ltr'><strong>magnum</strong></span> <span class='ocrx_word' id='word_1_51' title='bbox 389 1366 529 1431; x_wconf 79' lang='lat' dir='ltr'><strong>frumsmi</strong></span> <span class='ocrx_word' id='word_1_52' title='bbox 544 1384 713 1441; x_wconf 75' lang='lat' dir='ltr'><strong>uulnerum,</strong></span> <span class='ocrx_word' id='word_1_53' title='bbox 730 1386 893 1444; x_wconf 82' lang='lat' dir='ltr'><strong>armenum,</strong></span> <span class='ocrx_word' id='word_1_54' title='bbox 911 1366 1038 1431; x_wconf 89' lang='lat' dir='ltr'><strong>telorum</strong></span> <span class='ocrx_word' id='word_1_55' title='bbox 1055 1377 1240 1431; x_wconf 72' lang='lat' dir='ltr'><strong>ceterarum-</strong></span> 
     </span>
     <span class='ocr_line' id='line_1_9' title="bbox 117 1465 1277 1554; baseline 0 -19"><span class='ocrx_word' id='word_1_56' title='bbox 117 1490 176 1554; x_wconf 91' lang='lat' dir='ltr'><strong>que</strong></span> <span class='ocrx_word' id='word_1_57' title='bbox 195 1490 298 1533; x_wconf 86' lang='lat' dir='ltr'><strong>rernm</strong></span> <span class='ocrx_word' id='word_1_58' title='bbox 319 1490 385 1533; x_wconf 90' lang='lat' dir='ltr'><strong>eum</strong></span> <span class='ocrx_word' id='word_1_59' title='bbox 400 1488 496 1554; x_wconf 77' lang='lat' dir='ltr'><strong>paruo</strong></span> <span class='ocrx_word' id='word_1_60' title='bbox 510 1467 661 1552; x_wconf 77' lang='lat' dir='ltr'><strong>pracsidio</strong></span> <span class='ocrx_word' id='word_1_61' title='bbox 675 1466 832 1533; x_wconf 70' lang='lat' dir='ltr'><strong>babuerat.</strong></span> <span class='ocrx_word' id='word_1_62' title='bbox 863 1465 898 1531; x_wconf 93' lang='lat' dir='ltr'><strong>ld</strong></span> <span class='ocrx_word' id='word_1_63' title='bbox 921 1469 1084 1534; x_wconf 85' lang='lat' dir='ltr'><strong>adueniens</strong></span> <span class='ocrx_word' id='word_1_64' title='bbox 1107 1469 1277 1554; x_wconf 76' lang='lat' dir='ltr'><strong>potitnr32</strong></span> 
     </span>
     <span class='ocr_line' id='line_1_10' title="bbox 119 1564 1240 1655; baseline -0.002 -18"><span class='ocrx_word' id='word_1_65' title='bbox 119 1571 227 1637; x_wconf 85' lang='lat' dir='ltr'><strong>deinde</strong></span> <span class='ocrx_word' id='word_1_66' title='bbox 242 1571 438 1635; x_wconf 87' lang='lat' dir='ltr'><strong>Adrumctum</strong></span> <span class='ocrx_word' id='word_1_67' title='bbox 453 1570 603 1655; x_wconf 73' lang='lat' dir='ltr'><strong>peruenit.</strong></span> <span class='ocrx_word' id='word_1_68' title='bbox 634 1564 705 1651; x_wconf 76' lang='lat' dir='ltr'><strong>Quo</strong></span> <span class='ocrx_word' id='word_1_69' title='bbox 726 1590 796 1633; x_wconf 87' lang='lat' dir='ltr'><strong>curu</strong></span> <span class='ocrx_word' id='word_1_70' title='bbox 810 1569 877 1633; x_wconf 90' lang='lat' dir='ltr'><strong>sine</strong></span> <span class='ocrx_word' id='word_1_71' title='bbox 891 1590 977 1634; x_wconf 82' lang='lat' dir='ltr'><strong>mora</strong></span> <span class='ocrx_word' id='word_1_72' title='bbox 991 1571 1163 1650; x_wconf 89' lang='lat' dir='ltr'><strong>introisset,</strong></span> <span class='ocrx_word' id='word_1_73' title='bbox 1190 1592 1240 1637; x_wconf 85' lang='lat' dir='ltr'><strong>ar-</strong></span> 
     </span>
     <span class='ocr_line' id='line_1_11' title="bbox 67 1668 1241 1759; baseline -0.002 -20"><span class='ocrx_word' id='word_1_74' title='bbox 67 1685 92 1739; x_wconf 79' lang='lat' dir='ltr'><strong>‚b</strong></span> <span class='ocrx_word' id='word_1_75' title='bbox 116 1675 193 1753; x_wconf 86' lang='lat' dir='ltr'><strong>mis,</strong></span> <span class='ocrx_word' id='word_1_76' title='bbox 218 1675 368 1739; x_wconf 75' lang='lat' dir='ltr'><strong>frumento</strong></span> <span class='ocrx_word' id='word_1_77' title='bbox 389 1672 573 1759; x_wconf 80' lang='lat' dir='ltr'><strong>pecuniaque</strong></span> <span class='ocrx_word' id='word_1_78' title='bbox 594 1671 786 1737; x_wconf 72' lang='lat' dir='ltr'><strong>considerate</strong></span> <span class='ocrx_word' id='word_1_79' title='bbox 806 1668 847 1753; x_wconf 79' lang='lat' dir='ltr'><strong>Q.</strong></span> <span class='ocrx_word' id='word_1_80' title='bbox 865 1669 1011 1755; x_wconf 79' lang='lat' dir='ltr'><strong>Ligurio,</strong></span> <span class='ocrx_word' id='word_1_81' title='bbox 1037 1669 1076 1736; x_wconf 86' lang='lat' dir='ltr'><strong>C.</strong></span> <span class='ocrx_word' id='word_1_82' title='bbox 1094 1670 1241 1738; x_wconf 78' lang='lat' dir='ltr'><strong>Considio</strong></span> 
     </span>
     <span class='ocr_line' id='line_1_12' title="bbox 116 1771 1276 1860; baseline -0.003 -19"><span class='ocrx_word' id='word_1_83' title='bbox 116 1777 192 1853; x_wconf 90' lang='lat' dir='ltr'><strong>lilio,</strong></span> <span class='ocrx_word' id='word_1_84' title='bbox 208 1778 257 1860; x_wconf 91' lang='lat' dir='ltr'><strong>qui</strong></span> <span class='ocrx_word' id='word_1_85' title='bbox 273 1788 334 1841; x_wconf 88' lang='lat' dir='ltr'><strong>tum</strong></span> <span class='ocrx_word' id='word_1_86' title='bbox 347 1774 389 1839; x_wconf 92' lang='lat' dir='ltr'><strong>ibi</strong></span> <span class='ocrx_word' id='word_1_87' title='bbox 400 1776 531 1853; x_wconf 73' lang='lat' dir='ltr'><strong>ineunt,</strong></span> <span class='ocrx_word' id='word_1_88' title='bbox 546 1774 640 1839; x_wconf 78' lang='lat' dir='ltr'><strong>uitem</strong></span> <span class='ocrx_word' id='word_1_89' title='bbox 656 1772 817 1839; x_wconf 89' lang='lat' dir='ltr'><strong>concessit.</strong></span> <span class='ocrx_word' id='word_1_90' title='bbox 841 1771 959 1839; x_wconf 85' lang='lat' dir='ltr'><strong>Deinde</strong></span> <span class='ocrx_word' id='word_1_91' title='bbox 969 1774 1240 1840; x_wconf 83' lang='lat' dir='ltr'><strong>eodcmdieAdru·</strong></span> <span class='ocrx_word' id='word_1_92' title='bbox 1256 1773 1276 1838; x_wconf 84' lang='grc'><strong>3</strong></span> 
     </span>
     <span class='ocr_line' id='line_1_13' title="bbox 116 1874 1241 1962; baseline 0 -19"><span class='ocrx_word' id='word_1_93' title='bbox 116 1888 197 1943; x_wconf 89' lang='lat' dir='ltr'><strong>meto</strong></span> <span class='ocrx_word' id='word_1_94' title='bbox 210 1886 354 1962; x_wconf 80' lang='lat' dir='ltr'><strong>egressus</strong></span> <span class='ocrx_word' id='word_1_95' title='bbox 367 1874 511 1943; x_wconf 79' lang='lat' dir='ltr'><strong>Liuineio</strong></span> <span class='ocrx_word' id='word_1_96' title='bbox 525 1875 647 1961; x_wconf 73' lang='lat' dir='ltr'><strong>Regulo</strong></span> <span class='ocrx_word' id='word_1_97' title='bbox 662 1896 730 1941; x_wconf 88' lang='lat' dir='ltr'><strong>cum</strong></span> <span class='ocrx_word' id='word_1_98' title='bbox 744 1876 864 1959; x_wconf 74' lang='lat' dir='ltr'><strong>legione</strong></span> <span class='ocrx_word' id='word_1_99' title='bbox 879 1875 919 1941; x_wconf 93' lang='lat' dir='ltr'><strong>ibi</strong></span> <span class='ocrx_word' id='word_1_100' title='bbox 934 1877 1043 1942; x_wconf 87' lang='lat' dir='ltr'><strong>relicto</strong></span> <span class='ocrx_word' id='word_1_101' title='bbox 1058 1876 1178 1943; x_wconf 80' lang='lat' dir='ltr'><strong>Vticam</strong></span> <span class='ocrx_word' id='word_1_102' title='bbox 1195 1879 1241 1943; x_wconf 89' lang='lat' dir='ltr'><strong>ire</strong></span> 
     </span>
     <span class='ocr_line' id='line_1_14' title="bbox 116 1974 1240 2064; baseline 0.002 -19"><span class='ocrx_word' id='word_1_103' title='bbox 116 1981 278 2045; x_wconf 83' lang='lat' dir='ltr'><strong>contendit.</strong></span> <span class='ocrx_word' id='word_1_104' title='bbox 310 1976 367 2046; x_wconf 87' lang='lat' dir='ltr'><strong>Gui</strong></span> <span class='ocrx_word' id='word_1_105' title='bbox 383 1980 415 2045; x_wconf 92' lang='lat' dir='ltr'><strong>in</strong></span> <span class='ocrx_word' id='word_1_106' title='bbox 429 1981 541 2046; x_wconf 86' lang='lat' dir='ltr'><strong>itinere</strong></span> <span class='ocrx_word' id='word_1_107' title='bbox 555 1981 590 2045; x_wconf 84' lang='lat' dir='ltr'><strong>bt</strong></span> <span class='ocrx_word' id='word_1_108' title='bbox 604 1978 712 2045; x_wconf 87' lang='lat' dir='ltr'><strong>obuius</strong></span> <span class='ocrx_word' id='word_1_109' title='bbox 725 1976 767 2043; x_wconf 88' lang='lat' dir='ltr'><strong>L.</strong></span> <span class='ocrx_word' id='word_1_110' title='bbox 784 1974 902 2043; x_wconf 85' lang='lat' dir='ltr'><strong>Caesen</strong></span> <span class='ocrx_word' id='word_1_111' title='bbox 921 1989 954 2043; x_wconf 85' lang='lat' dir='ltr'><strong>et</strong></span> <span class='ocrx_word' id='word_1_112' title='bbox 972 1980 1070 2044; x_wconf 88' lang='lat' dir='ltr'><strong>subite</strong></span> <span class='ocrx_word' id='word_1_113' title='bbox 1085 2002 1120 2046; x_wconf 90' lang='lat' dir='ltr'><strong>se</strong></span> <span class='ocrx_word' id='word_1_114' title='bbox 1135 1982 1172 2046; x_wconf 86' lang='lat' dir='ltr'><strong>sd</strong></span> <span class='ocrx_word' id='word_1_115' title='bbox 1187 2002 1240 2064; x_wconf 73' lang='lat' dir='ltr'><strong>ge·</strong></span> 
     </span>
     <span class='ocr_line' id='line_1_15' title="bbox 117 2080 1237 2168; baseline -0.001 -21"><span class='ocrx_word' id='word_1_116' title='bbox 117 2102 175 2147; x_wconf 82' lang='lat' dir='ltr'><strong>uuo</strong></span> <span class='ocrx_word' id='word_1_117' title='bbox 199 2083 328 2167; x_wconf 74' lang='lat' dir='ltr'><strong>proiecit</strong></span> <span class='ocrx_word' id='word_1_118' title='bbox 349 2084 501 2166; x_wconf 79' lang='lat' dir='ltr'><strong>uitamque</strong></span> <span class='ocrx_word' id='word_1_119' title='bbox 522 2082 581 2147; x_wconf 88' lang='lat' dir='ltr'><strong>sibi</strong></span> <span class='ocrx_word' id='word_1_120' title='bbox 602 2101 701 2166; x_wconf 78' lang='lat' dir='ltr'><strong>seque</strong></span> <span class='ocrx_word' id='word_1_121' title='bbox 723 2080 850 2165; x_wconf 81' lang='lat' dir='ltr'><strong>emplius</strong></span> <span class='ocrx_word' id='word_1_122' title='bbox 871 2082 1024 2165; x_wconf 85' lang='lat' dir='ltr'><strong>quicquam</strong></span> <span class='ocrx_word' id='word_1_123' title='bbox 1049 2083 1237 2168; x_wconf 85' lang='lat' dir='ltr'><strong>deprecatur.</strong></span> 
     </span>
     <span class='ocr_line' id='line_1_16' title="bbox 67 2178 1273 2269; baseline 0.002 -22"><span class='ocrx_word' id='word_1_124' title='bbox 67 2196 90 2251; x_wconf 70' lang='lat' dir='ltr'><strong>,t</strong></span> <span class='ocrx_word' id='word_1_125' title='bbox 114 2178 172 2249; x_wconf 84' lang='lat' dir='ltr'><strong>cni</strong></span> <span class='ocrx_word' id='word_1_126' title='bbox 182 2180 301 2249; x_wconf 74' lang='lat' dir='ltr'><strong>Caesar</strong></span> <span class='ocrx_word' id='word_1_127' title='bbox 315 2184 403 2249; x_wconf 79' lang='lat' dir='ltr'><strong>facile</strong></span> <span class='ocrx_word' id='word_1_128' title='bbox 418 2195 450 2249; x_wconf 90' lang='lat' dir='ltr'><strong>et</strong></span> <span class='ocrx_word' id='word_1_129' title='bbox 465 2205 520 2269; x_wconf 75' lang='lat' dir='ltr'><strong>pro</strong></span> <span class='ocrx_word' id='word_1_130' title='bbox 535 2195 644 2249; x_wconf 81' lang='lat' dir='ltr'><strong>natura</strong></span> <span class='ocrx_word' id='word_1_131' title='bbox 656 2204 713 2249; x_wconf 80' lang='lat' dir='ltr'><strong>sua</strong></span> <span class='ocrx_word' id='word_1_132' title='bbox 727 2193 759 2248; x_wconf 92' lang='lat' dir='ltr'><strong>et</strong></span> <span class='ocrx_word' id='word_1_133' title='bbox 772 2204 827 2268; x_wconf 83' lang='lat' dir='ltr'><strong>pro</strong></span> <span class='ocrx_word' id='word_1_134' title='bbox 839 2184 976 2248; x_wconf 90' lang='lat' dir='ltr'><strong>instituto</strong></span> <span class='ocrx_word' id='word_1_135' title='bbox 986 2187 1146 2265; x_wconf 85' lang='lat' dir='ltr'><strong>concessit,</strong></span> <span class='ocrx_word' id='word_1_136' title='bbox 1163 2187 1235 2252; x_wconf 89' lang='lat' dir='ltr'><strong>item</strong></span> <span class='ocrx_word' id='word_1_137' title='bbox 1251 2186 1273 2250; x_wconf 81' lang='lat'>4</span> 
     </span>
     <span class='ocr_line' id='line_1_17' title="bbox 115 2281 1235 2372; baseline 0 -20"><span class='ocrx_word' id='word_1_138' title='bbox 115 2283 282 2365; x_wconf 80' lang='lat' dir='ltr'><strong>Caecinae,</strong></span> <span class='ocrx_word' id='word_1_139' title='bbox 297 2288 321 2370; x_wconf 87' lang='lat'><em>†</em></span> <span class='ocrx_word' id='word_1_140' title='bbox 335 2282 457 2362; x_wconf 87' lang='lat' dir='ltr'><strong>Ceteio,</strong></span> <span class='ocrx_word' id='word_1_141' title='bbox 475 2285 513 2351; x_wconf 84' lang='lat' dir='ltr'><strong>P.</strong></span> <span class='ocrx_word' id='word_1_142' title='bbox 529 2286 631 2364; x_wconf 79' lang='lat' dir='ltr'><strong>Atrio,</strong></span> <span class='ocrx_word' id='word_1_143' title='bbox 646 2284 687 2351; x_wconf 92' lang='lat' dir='ltr'><strong>L.</strong></span> <span class='ocrx_word' id='word_1_144' title='bbox 705 2281 813 2351; x_wconf 84' lang='lat' dir='ltr'><strong>Cellae</strong></span> <span class='ocrx_word' id='word_1_145' title='bbox 828 2286 907 2371; x_wconf 83' lang='lat' dir='ltr'><strong>patri</strong></span> <span class='ocrx_word' id='word_1_146' title='bbox 921 2297 952 2351; x_wconf 89' lang='lat' dir='ltr'><strong>et</strong></span> <span class='ocrx_word' id='word_1_147' title='bbox 967 2286 1039 2367; x_wconf 88' lang='lat' dir='ltr'><strong>lilio,</strong></span> <span class='ocrx_word' id='word_1_148' title='bbox 1061 2286 1108 2351; x_wconf 87' lang='lat' dir='ltr'><strong>M.</strong></span> <span class='ocrx_word' id='word_1_149' title='bbox 1125 2287 1235 2372; x_wconf 82' lang='lat' dir='ltr'><strong>Eppio,</strong></span> 
     </span>
     <span class='ocr_line' id='line_1_18' title="bbox 114 2384 1239 2474; baseline 0.004 -23"><span class='ocrx_word' id='word_1_150' title='bbox 114 2384 166 2451; x_wconf 80' lang='lat' dir='ltr'><strong>ui.</strong></span> <span class='ocrx_word' id='word_1_151' title='bbox 175 2388 308 2470; x_wconf 79' lang='lat' dir='ltr'><strong>Aquino,</strong></span> <span class='ocrx_word' id='word_1_152' title='bbox 325 2384 452 2453; x_wconf 83' lang='lat' dir='ltr'><strong>Catonis</strong></span> <span class='ocrx_word' id='word_1_153' title='bbox 466 2387 527 2453; x_wconf 91' lang='lat' dir='ltr'><strong>lilio</strong></span> <span class='ocrx_word' id='word_1_154' title='bbox 534 2386 765 2474; x_wconf 75' lang='lat' dir='ltr'><strong>Damasippique</strong></span> <span class='ocrx_word' id='word_1_155' title='bbox 779 2388 884 2453; x_wconf 92' lang='lat' dir='ltr'><strong>liberis</strong></span> <span class='ocrx_word' id='word_1_156' title='bbox 900 2410 940 2454; x_wconf 90' lang='lat' dir='ltr'><strong>ex</strong></span> <span class='ocrx_word' id='word_1_157' title='bbox 954 2410 1008 2453; x_wconf 89' lang='lat' dir='ltr'><strong>sua</strong></span> <span class='ocrx_word' id='word_1_158' title='bbox 1022 2390 1239 2455; x_wconf 85' lang='lat' dir='ltr'><strong>consuetudine</strong></span> 
     </span>
     <span class='ocr_line' id='line_1_19' title="bbox 115 2488 1239 2577; baseline 0.003 -24"><span class='ocrx_word' id='word_1_159' title='bbox 115 2488 219 2554; x_wconf 87' lang='lat' dir='ltr'><strong>tribuit</strong></span> <span class='ocrx_word' id='word_1_160' title='bbox 232 2489 413 2574; x_wconf 65' lang='lat' dir='ltr'><strong>vinciturque</strong></span> <span class='ocrx_word' id='word_1_161' title='bbox 427 2490 588 2556; x_wconf 85' lang='lat' dir='ltr'><strong>luminibus</strong></span> <span class='ocrx_word' id='word_1_162' title='bbox 602 2492 740 2557; x_wconf 78' lang='lat' dir='ltr'><strong>accemis</strong></span> <span class='ocrx_word' id='word_1_163' title='bbox 753 2490 875 2558; x_wconf 83' lang='lat' dir='ltr'><strong>Vticam</strong></span> <span class='ocrx_word' id='word_1_164' title='bbox 891 2493 1030 2577; x_wconf 86' lang='lat' dir='ltr'><strong>peruenit</strong></span> <span class='ocrx_word' id='word_1_165' title='bbox 1045 2502 1134 2574; x_wconf 84' lang='lat' dir='ltr'><strong>etque</strong></span> <span class='ocrx_word' id='word_1_166' title='bbox 1149 2502 1239 2556; x_wconf 84' lang='lat' dir='ltr'><strong>extra</strong></span> 
     </span>
     <span class='ocr_line' id='line_1_20' title="bbox 115 2590 1296 2679; baseline 0.003 -24"><span class='ocrx_word' id='word_1_167' title='bbox 115 2591 253 2677; x_wconf 79' lang='lat' dir='ltr'><strong>oppidum</strong></span> <span class='ocrx_word' id='word_1_168' title='bbox 268 2613 304 2656; x_wconf 87' lang='lat' dir='ltr'><strong>ea</strong></span> <span class='ocrx_word' id='word_1_169' title='bbox 319 2604 409 2658; x_wconf 86' lang='lat' dir='ltr'><strong>nocte</strong></span> <span class='ocrx_word' id='word_1_170' title='bbox 426 2592 550 2658; x_wconf 83' lang='lat' dir='ltr'><strong>mansit.</strong></span> <span class='ocrx_word' id='word_1_171' title='bbox 579 2590 710 2660; x_wconf 84' lang='lat' dir='ltr'><strong>Postero</strong></span> <span class='ocrx_word' id='word_1_172' title='bbox 731 2594 779 2658; x_wconf 92' lang='lat' dir='ltr'><strong>die</strong></span> <span class='ocrx_word' id='word_1_173' title='bbox 800 2616 888 2660; x_wconf 77' lang='lat' dir='ltr'><strong>mane</strong></span> <span class='ocrx_word' id='word_1_174' title='bbox 909 2595 941 2660; x_wconf 93' lang='lat' dir='ltr'><strong>in</strong></span> <span class='ocrx_word' id='word_1_175' title='bbox 964 2595 1100 2679; x_wconf 86' lang='lat' dir='ltr'><strong>oppidum</strong></span> <span class='ocrx_word' id='word_1_176' title='bbox 1123 2594 1239 2659; x_wconf 92' lang='lat' dir='ltr'><strong>introiit</strong></span> <span class='ocrx_word' id='word_1_177' title='bbox 1248 2594 1296 2666; x_wconf 74' lang='lat'><strong>90</strong></span> 
     </span>
     <span class='ocr_line' id='line_1_21' title="bbox 67 2694 1237 2781; baseline 0.001 -22"><span class='ocrx_word' id='word_1_178' title='bbox 67 2704 88 2759; x_wconf 76' lang='lat' dir='ltr'><strong>t</strong></span> <span class='ocrx_word' id='word_1_179' title='bbox 114 2694 311 2778; x_wconf 86' lang='lat' dir='ltr'><strong>contioneque</strong></span> <span class='ocrx_word' id='word_1_180' title='bbox 326 2695 473 2761; x_wconf 84' lang='lat' dir='ltr'><strong>sduocats</strong></span> <span class='ocrx_word' id='word_1_181' title='bbox 490 2694 651 2761; x_wconf 85' lang='lat' dir='ltr'><strong>Vticenses</strong></span> <span class='ocrx_word' id='word_1_182' title='bbox 665 2696 781 2761; x_wconf 87' lang='lat' dir='ltr'><strong>incolss</strong></span> <span class='ocrx_word' id='word_1_183' title='bbox 796 2700 972 2763; x_wconf 82' lang='lat' dir='ltr'><strong>cohortatus</strong></span> <span class='ocrx_word' id='word_1_184' title='bbox 987 2699 1101 2781; x_wconf 69' lang='lat' dir='ltr'><strong>gratiss</strong></span> <span class='ocrx_word' id='word_1_185' title='bbox 1117 2718 1170 2780; x_wconf 84' lang='lat' dir='ltr'><strong>pro</strong></span> <span class='ocrx_word' id='word_1_186' title='bbox 1185 2717 1237 2760; x_wconf 94' lang='lat' dir='ltr'><strong>eo·</strong></span> 
     </span>
     <span class='ocr_line' id='line_1_22' title="bbox 114 2797 1274 2885; baseline 0.001 -22"><span class='ocrx_word' id='word_1_187' title='bbox 114 2818 181 2863; x_wconf 85' lang='lat' dir='ltr'><strong>rum</strong></span> <span class='ocrx_word' id='word_1_188' title='bbox 196 2817 269 2880; x_wconf 80' lang='lat' dir='ltr'><strong>erga</strong></span> <span class='ocrx_word' id='word_1_189' title='bbox 282 2816 317 2861; x_wconf 89' lang='lat' dir='ltr'><strong>se</strong></span> <span class='ocrx_word' id='word_1_190' title='bbox 331 2797 431 2862; x_wconf 91' lang='lat' dir='ltr'><strong>studio</strong></span> <span class='ocrx_word' id='word_1_191' title='bbox 445 2798 520 2882; x_wconf 71' lang='lat' dir='ltr'><strong>egit,</strong></span> <span class='ocrx_word' id='word_1_192' title='bbox 538 2799 620 2865; x_wconf 88' lang='lat' dir='ltr'><strong>ciues</strong></span> <span class='ocrx_word' id='word_1_193' title='bbox 635 2809 733 2865; x_wconf 79' lang='lat' dir='ltr'><strong>sutem</strong></span> <span class='ocrx_word' id='word_1_194' title='bbox 741 2799 895 2866; x_wconf 81' lang='lat' dir='ltr'><strong>llomsnos</strong></span> <span class='ocrx_word' id='word_1_195' title='bbox 907 2802 1112 2885; x_wconf 86' lang='lat' dir='ltr'><strong>negotiatores</strong></span> <span class='ocrx_word' id='word_1_196' title='bbox 1128 2811 1159 2864; x_wconf 88' lang='lat' dir='ltr'><strong>et</strong></span> <span class='ocrx_word' id='word_1_197' title='bbox 1170 2820 1235 2880; x_wconf 88' lang='lat' dir='ltr'><strong>eos,</strong></span> <span class='ocrx_word' id='word_1_198' title='bbox 1252 2800 1274 2864; x_wconf 84' lang='lat'>2</span> 
     </span>
    </p>
   </div>
   <div class='ocr_carea' id='block_1_3' title="bbox 67 2898 1272 3602">
    <p class='ocr_par' dir='ltr' id='par_1_3' title="bbox 67 2898 1272 3602">
     <span class='ocr_line' id='line_1_23' title="bbox 114 2898 1237 2990; baseline 0.007 -30"><span class='ocrx_word' id='word_1_199' title='bbox 114 2898 167 2982; x_wconf 91' lang='lat' dir='ltr'><strong>qui</strong></span> <span class='ocrx_word' id='word_1_200' title='bbox 179 2898 259 2962; x_wconf 91' lang='lat' dir='ltr'><strong>inter</strong></span> <span class='ocrx_word' id='word_1_201' title='bbox 273 2908 336 2963; x_wconf 81' lang='lat' dir='ltr'><strong>ccc</strong></span> <span class='ocrx_word' id='word_1_202' title='bbox 350 2900 493 2983; x_wconf 80' lang='lat' dir='ltr'><strong>pecunius</strong></span> <span class='ocrx_word' id='word_1_203' title='bbox 508 2900 792 2968; x_wconf 80' lang='lat' dir='ltr'><strong>contulerantVsro</strong></span> <span class='ocrx_word' id='word_1_204' title='bbox 807 2916 837 2968; x_wconf 89' lang='lat' dir='ltr'><strong>et</strong></span> <span class='ocrx_word' id='word_1_205' title='bbox 854 2902 1003 2990; x_wconf 80' lang='lat' dir='ltr'><strong>Scipioni,</strong></span> <span class='ocrx_word' id='word_1_206' title='bbox 1019 2904 1121 2968; x_wconf 89' lang='lat' dir='ltr'><strong>multis</strong></span> <span class='ocrx_word' id='word_1_207' title='bbox 1135 2903 1237 2970; x_wconf 90' lang='lat' dir='ltr'><strong>uerbis</strong></span> 
     </span>
     <span class='ocr_line' id='line_1_24' title="bbox 114 3002 1237 3092; baseline 0.007 -27"><span class='ocrx_word' id='word_1_208' title='bbox 114 3011 272 3067; x_wconf 84' lang='lat' dir='ltr'><strong>accusatos</strong></span> <span class='ocrx_word' id='word_1_209' title='bbox 296 3012 328 3067; x_wconf 90' lang='lat' dir='ltr'><strong>et</strong></span> <span class='ocrx_word' id='word_1_210' title='bbox 348 3002 385 3068; x_wconf 90' lang='lat' dir='ltr'><strong>du</strong></span> <span class='ocrx_word' id='word_1_211' title='bbox 407 3023 511 3069; x_wconf 87' lang='lat' dir='ltr'><strong>eornm</strong></span> <span class='ocrx_word' id='word_1_212' title='bbox 531 3004 698 3070; x_wconf 86' lang='lat' dir='ltr'><strong>sceleribus</strong></span> <span class='ocrx_word' id='word_1_213' title='bbox 712 3006 848 3092; x_wconf 82' lang='lat' dir='ltr'><strong>longiore</strong></span> <span class='ocrx_word' id='word_1_214' title='bbox 864 3008 965 3072; x_wconf 83' lang='lat' dir='ltr'><strong>babitu</strong></span> <span class='ocrx_word' id='word_1_215' title='bbox 979 3011 1115 3073; x_wconf 85' lang='lat' dir='ltr'><strong>eratione</strong></span> <span class='ocrx_word' id='word_1_216' title='bbox 1131 3009 1167 3073; x_wconf 84' lang='lat' dir='ltr'><strong>nd</strong></span> <span class='ocrx_word' id='word_1_217' title='bbox 1182 3029 1237 3073; x_wconf 87' lang='lat' dir='ltr'><strong>ex-</strong></span> 
     </span>
     <span class='ocr_line' id='line_1_25' title="bbox 113 3104 1270 3191; baseline 0.005 -25"><span class='ocrx_word' id='word_1_218' title='bbox 113 3113 260 3182; x_wconf 81' lang='lat' dir='ltr'><strong>tremum,</strong></span> <span class='ocrx_word' id='word_1_219' title='bbox 283 3114 318 3168; x_wconf 91' lang='lat' dir='ltr'><strong>ut</strong></span> <span class='ocrx_word' id='word_1_220' title='bbox 339 3104 406 3169; x_wconf 89' lang='lat' dir='ltr'><strong>sine</strong></span> <span class='ocrx_word' id='word_1_221' title='bbox 420 3117 502 3171; x_wconf 84' lang='lat' dir='ltr'><strong>metu</strong></span> <span class='ocrx_word' id='word_1_222' title='bbox 520 3106 694 3191; x_wconf 79' lang='lat' dir='ltr'><strong>prodirent,</strong></span> <span class='ocrx_word' id='word_1_223' title='bbox 717 3110 825 3174; x_wconf 81' lang='lat' dir='ltr'><strong>edicit:</strong></span> <span class='ocrx_word' id='word_1_224' title='bbox 850 3132 883 3175; x_wconf 92' lang='lat' dir='ltr'><strong>se</strong></span> <span class='ocrx_word' id='word_1_225' title='bbox 906 3111 950 3174; x_wconf 91' lang='lat' dir='ltr'><strong>eis</strong></span> <span class='ocrx_word' id='word_1_226' title='bbox 974 3111 1122 3174; x_wconf 75' lang='lat' dir='ltr'><strong>dunum</strong></span> <span class='ocrx_word' id='word_1_227' title='bbox 1141 3109 1270 3174; x_wconf 83' lang='lat' dir='ltr'><strong>uiun3</strong></span> 
     </span>
     <span class='ocr_line' id='line_1_26' title="bbox 67 3206 1233 3292; baseline 0.001 -21"><span class='ocrx_word' id='word_1_228' title='bbox 67 3217 87 3271; x_wconf 76' lang='lat' dir='ltr'><strong>t</strong></span> <span class='ocrx_word' id='word_1_229' title='bbox 114 3226 347 3286; x_wconf 72' lang='lat' dir='ltr'><strong>concessurum</strong></span> <span class='ocrx_word' id='word_1_230' title='bbox 369 3206 448 3272; x_wconf 82' lang='lat' dir='ltr'><strong>bons</strong></span> <span class='ocrx_word' id='word_1_231' title='bbox 462 3208 581 3292; x_wconf 88' lang='lat' dir='ltr'><strong>quidem</strong></span> <span class='ocrx_word' id='word_1_232' title='bbox 594 3230 700 3275; x_wconf 87' lang='lat' dir='ltr'><strong>eorum</strong></span> <span class='ocrx_word' id='word_1_233' title='bbox 714 3231 749 3275; x_wconf 89' lang='lat' dir='ltr'><strong>se</strong></span> <span class='ocrx_word' id='word_1_234' title='bbox 763 3213 971 3286; x_wconf 86' lang='lat' dir='ltr'><strong>uenditnrum,</strong></span> <span class='ocrx_word' id='word_1_235' title='bbox 989 3211 1032 3273; x_wconf 81' lang='lat' dir='ltr'><strong>its</strong></span> <span class='ocrx_word' id='word_1_236' title='bbox 1046 3222 1166 3285; x_wconf 71' lang='lat' dir='ltr'><strong>umen,</strong></span> <span class='ocrx_word' id='word_1_237' title='bbox 1183 3210 1233 3291; x_wconf 91' lang='lat' dir='ltr'><strong>qui</strong></span> 
     </span>
     <span class='ocr_line' id='line_1_27' title="bbox 113 3308 1235 3395; baseline -0.001 -22"><span class='ocrx_word' id='word_1_238' title='bbox 113 3327 218 3373; x_wconf 86' lang='lat' dir='ltr'><strong>eornm</strong></span> <span class='ocrx_word' id='word_1_239' title='bbox 233 3308 301 3395; x_wconf 82' lang='lat' dir='ltr'><strong>ipse</strong></span> <span class='ocrx_word' id='word_1_240' title='bbox 320 3330 376 3383; x_wconf 82' lang='lat' dir='ltr'><strong>sus</strong></span> <span class='ocrx_word' id='word_1_241' title='bbox 397 3308 475 3375; x_wconf 83' lang='lat' dir='ltr'><strong>bons</strong></span> <span class='ocrx_word' id='word_1_242' title='bbox 496 3311 691 3393; x_wconf 77' lang='lat' dir='ltr'><strong>redemisset,</strong></span> <span class='ocrx_word' id='word_1_243' title='bbox 713 3334 747 3379; x_wconf 90' lang='lat' dir='ltr'><strong>se</strong></span> <span class='ocrx_word' id='word_1_244' title='bbox 764 3315 908 3377; x_wconf 90' lang='lat' dir='ltr'><strong>bonorum</strong></span> <span class='ocrx_word' id='word_1_245' title='bbox 929 3312 1131 3375; x_wconf 87' lang='lat' dir='ltr'><strong>uenditionem</strong></span> <span class='ocrx_word' id='word_1_246' title='bbox 1150 3311 1235 3373; x_wconf 89' lang='lat' dir='ltr'><strong>indu-</strong></span> 
     </span>
     <span class='ocr_line' id='line_1_28' title="bbox 111 3413 1234 3495; baseline 0.004 -23"><span class='ocrx_word' id='word_1_247' title='bbox 111 3418 232 3473; x_wconf 87' lang='lat' dir='ltr'><strong>cturum</strong></span> <span class='ocrx_word' id='word_1_248' title='bbox 254 3420 285 3474; x_wconf 91' lang='lat' dir='ltr'><strong>et</strong></span> <span class='ocrx_word' id='word_1_249' title='bbox 305 3413 460 3495; x_wconf 86' lang='lat' dir='ltr'><strong>pecuniam</strong></span> <span class='ocrx_word' id='word_1_250' title='bbox 482 3414 591 3479; x_wconf 85' lang='lat' dir='ltr'><strong>multae</strong></span> <span class='ocrx_word' id='word_1_251' title='bbox 611 3416 733 3480; x_wconf 86' lang='lat' dir='ltr'><strong>nomine</strong></span> <span class='ocrx_word' id='word_1_252' title='bbox 747 3416 929 3492; x_wconf 86' lang='lat' dir='ltr'><strong>relaturum,</strong></span> <span class='ocrx_word' id='word_1_253' title='bbox 954 3423 988 3476; x_wconf 93' lang='lat' dir='ltr'><strong>ut</strong></span> <span class='ocrx_word' id='word_1_254' title='bbox 1002 3413 1234 3477; x_wconf 74' lang='lat' dir='ltr'><strong>incolumitatem</strong></span> 
     </span>
     <span class='ocr_line' id='line_1_29' title="bbox 112 3511 1272 3602; baseline 0.005 -25"><span class='ocrx_word' id='word_1_255' title='bbox 112 3511 249 3577; x_wconf 84' lang='lat' dir='ltr'><strong>rotinere</strong></span> <span class='ocrx_word' id='word_1_256' title='bbox 269 3526 385 3597; x_wconf 83' lang='lat' dir='ltr'><strong>posset.</strong></span> <span class='ocrx_word' id='word_1_257' title='bbox 431 3513 548 3600; x_wconf 76' lang='lat' dir='ltr'><strong>Quibus</strong></span> <span class='ocrx_word' id='word_1_258' title='bbox 569 3527 652 3582; x_wconf 91' lang='lat' dir='ltr'><strong>metu</strong></span> <span class='ocrx_word' id='word_1_259' title='bbox 674 3516 879 3602; x_wconf 79' lang='lat' dir='ltr'><strong>exsanguibus</strong></span> <span class='ocrx_word' id='word_1_260' title='bbox 903 3518 939 3581; x_wconf 90' lang='lat' dir='ltr'><strong>dc</strong></span> <span class='ocrx_word' id='word_1_261' title='bbox 969 3515 1088 3597; x_wconf 85' lang='lat' dir='ltr'><strong>uitaque</strong></span> <span class='ocrx_word' id='word_1_262' title='bbox 1117 3536 1157 3579; x_wconf 83' lang='lat' dir='ltr'><strong>es</strong></span> <span class='ocrx_word' id='word_1_263' title='bbox 1181 3519 1272 3583; x_wconf 76' lang='lat' dir='ltr'><strong>suot</strong></span> 
     </span>
    </p>
   </div>
   <div class='ocr_carea' id='block_1_4' title="bbox 108 3648 1238 4728">
    <p class='ocr_par' dir='ltr' id='par_1_4' title="bbox 108 3648 1238 4728">
     <span class='ocr_line' id='line_1_30' title="bbox 223 3648 1128 3724; baseline 0.004 -23"><span class='ocrx_word' id='word_1_264' title='bbox 223 3648 235 3701; x_wconf 93' lang='lat' dir='ltr'><strong>l</strong></span> <span class='ocrx_word' id='word_1_265' title='bbox 249 3650 374 3703; x_wconf 79' lang='lat' dir='ltr'><strong>concione</strong></span> <span class='ocrx_word' id='word_1_266' title='bbox 386 3648 439 3719; x_wconf 89' lang='grc' dir='ltr'>(ιι).</span> <span class='ocrx_word' id='word_1_267' title='bbox 562 3655 663 3724; x_wconf 82' lang='grc' dir='ltr'>1ι1ι1ιι]</span> <span class='ocrx_word' id='word_1_268' title='bbox 677 3656 748 3708; x_wconf 84' lang='lat' dir='ltr'><strong>l&#39;scts</strong></span> <span class='ocrx_word' id='word_1_269' title='bbox 759 3672 788 3708; x_wconf 88' lang='grc' dir='ltr'><strong>ιι.</strong></span> <span class='ocrx_word' id='word_1_270' title='bbox 910 3654 1062 3705; x_wconf 83' lang='lat' dir='ltr'><strong>cohortatus</strong></span> <span class='ocrx_word' id='word_1_271' title='bbox 1075 3669 1092 3705; x_wconf 90' lang='grc' dir='ltr'><strong>ιι</strong></span> <span class='ocrx_word' id='word_1_272' title='bbox 1105 3656 1128 3705; x_wconf 92' lang='lat' dir='ltr'><strong>b.</strong></span> 
     </span>
     <span class='ocr_line' id='line_1_31' title="bbox 111 3722 1236 3797; baseline 0.006 -18"><span class='ocrx_word' id='word_1_273' title='bbox 111 3725 128 3779; x_wconf 76' lang='lat'><em>2</em></span> <span class='ocrx_word' id='word_1_274' title='bbox 140 3722 170 3777; x_wconf 83' lang='lat' dir='ltr'><strong>C.</strong></span> <span class='ocrx_word' id='word_1_275' title='bbox 186 3723 308 3779; x_wconf 75' lang='lat' dir='ltr'><strong>(laesuris</strong></span> <span class='ocrx_word' id='word_1_276' title='bbox 319 3743 337 3779; x_wconf 91' lang='grc' dir='ltr'><strong>ιι</strong></span> <span class='ocrx_word' id='word_1_277' title='bbox 351 3729 366 3779; x_wconf 91' lang='lat' dir='ltr'><strong>b</strong></span> <span class='ocrx_word' id='word_1_278' title='bbox 378 3744 394 3779; x_wconf 91' lang='lat' dir='ltr'><strong>o</strong></span> <span class='ocrx_word' id='word_1_279' title='bbox 405 3728 421 3780; x_wconf 82' lang='lat'><strong>3</strong></span> <span class='ocrx_word' id='word_1_280' title='bbox 434 3728 513 3795; x_wconf 78' lang='lat' dir='ltr'><strong>dett,</strong></span> <span class='ocrx_word' id='word_1_281' title='bbox 529 3730 652 3784; x_wconf 79' lang='lat' dir='ltr'><strong>cesseris</strong></span> <span class='ocrx_word' id='word_1_282' title='bbox 664 3749 692 3783; x_wconf 90' lang='grc' dir='ltr'><strong>ιι.</strong></span> <span class='ocrx_word' id='word_1_283' title='bbox 849 3733 865 3783; x_wconf 81' lang='lat' dir='ltr'><strong>l</strong></span> <span class='ocrx_word' id='word_1_284' title='bbox 878 3729 993 3783; x_wconf 84' lang='lat' dir='ltr'><strong>ldessulu</strong></span> <span class='ocrx_word' id='word_1_285' title='bbox 1005 3731 1056 3797; x_wconf 88' lang='lat' dir='ltr'><strong>(o),</strong></span> <span class='ocrx_word' id='word_1_286' title='bbox 1071 3730 1198 3785; x_wconf 77' lang='lat' dir='ltr'><strong>Messalla</strong></span> <span class='ocrx_word' id='word_1_287' title='bbox 1209 3751 1236 3786; x_wconf 89' lang='grc' dir='ltr'><strong>ιι.</strong></span> 
     </span>
     <span class='ocr_line' id='line_1_32' title="bbox 217 3804 1237 3875; baseline 0.011 -19"><span class='ocrx_word' id='word_1_288' title='bbox 217 3804 279 3857; x_wconf 78' lang='lat' dir='ltr'><strong>tab</strong></span> <span class='ocrx_word' id='word_1_289' title='bbox 294 3807 319 3857; x_wconf 83' lang='lat' dir='ltr'><strong>b.</strong></span> <span class='ocrx_word' id='word_1_290' title='bbox 426 3806 531 3861; x_wconf 81' lang='lat' dir='ltr'><strong>Tbsbso</strong></span> <span class='ocrx_word' id='word_1_291' title='bbox 541 3825 569 3861; x_wconf 86' lang='grc' dir='ltr'><strong>ιι.</strong></span> <span class='ocrx_word' id='word_1_292' title='bbox 673 3808 795 3863; x_wconf 84' lang='lat' dir='ltr'><strong>Vssetsm</strong></span> <span class='ocrx_word' id='word_1_293' title='bbox 807 3826 835 3875; x_wconf 85' lang='lat' dir='ltr'><strong>a,</strong></span> <span class='ocrx_word' id='word_1_294' title='bbox 849 3809 970 3864; x_wconf 83' lang='lat' dir='ltr'><strong>Vscetsm</strong></span> <span class='ocrx_word' id='word_1_295' title='bbox 983 3826 1001 3862; x_wconf 92' lang='grc' dir='ltr'><strong>ιι</strong></span> <span class='ocrx_word' id='word_1_296' title='bbox 1014 3818 1042 3864; x_wconf 87' lang='lat' dir='ltr'><strong>st</strong></span> <span class='ocrx_word' id='word_1_297' title='bbox 1055 3814 1104 3866; x_wconf 79' lang='lat' dir='ltr'><strong>‘sic</strong></span> <span class='ocrx_word' id='word_1_298' title='bbox 1115 3815 1161 3867; x_wconf 83' lang='lat' dir='ltr'><strong>usl</strong></span> <span class='ocrx_word' id='word_1_299' title='bbox 1171 3813 1237 3867; x_wconf 78' lang='lat' dir='ltr'><strong>Vne-</strong></span> 
     </span>
     <span class='ocr_line' id='line_1_33' title="bbox 109 3880 1238 3950; baseline 0.013 -19"><span class='ocrx_word' id='word_1_300' title='bbox 109 3880 440 3950; x_wconf 56' lang='lat' dir='ltr'><strong>umus-sumturum</strong></span> <span class='ocrx_word' id='word_1_301' title='bbox 452 3886 527 3938; x_wconf 62' lang='lat' dir='ltr'><strong>mss?</strong></span> <span class='ocrx_word' id='word_1_302' title='bbox 650 3888 879 3942; x_wconf 76' lang='lat' dir='ltr'><strong>bAdrimstuma.</strong></span> <span class='ocrx_word' id='word_1_303' title='bbox 1000 3894 1238 3947; x_wconf 83' lang='lat' dir='ltr'><strong>lllconslderutA</strong></span> 
     </span>
     <span class='ocr_line' id='line_1_34' title="bbox 111 3958 1127 4035; baseline 0.009 -23"><span class='ocrx_word' id='word_1_304' title='bbox 111 3958 144 4024; x_wconf 75' lang='lat' dir='ltr'><strong>Q.</strong></span> <span class='ocrx_word' id='word_1_305' title='bbox 157 3975 186 4011; x_wconf 88' lang='grc' dir='ltr'><strong>ιι.</strong></span> <span class='ocrx_word' id='word_1_306' title='bbox 291 3963 322 4016; x_wconf 95' lang='grc'><strong>11</strong></span> <span class='ocrx_word' id='word_1_307' title='bbox 336 3962 443 4016; x_wconf 76' lang='lat' dir='ltr'><strong>luerent</strong></span> <span class='ocrx_word' id='word_1_308' title='bbox 454 3965 497 4032; x_wconf 85' lang='lat' dir='ltr'><strong>(a)</strong></span> <span class='ocrx_word' id='word_1_309' title='bbox 509 3967 555 4023; x_wconf 73' lang='lat' dir='ltr'><strong>ub</strong></span> <span class='ocrx_word' id='word_1_310' title='bbox 569 3967 648 4031; x_wconf 76' lang='lat' dir='ltr'><strong>dett,</strong></span> <span class='ocrx_word' id='word_1_311' title='bbox 664 3966 752 4020; x_wconf 80' lang='lat' dir='ltr'><strong>lueret</strong></span> <span class='ocrx_word' id='word_1_312' title='bbox 761 3969 872 4035; x_wconf 74' lang='lat' dir='ltr'><strong>reliqui.</strong></span> <span class='ocrx_word' id='word_1_313' title='bbox 980 3972 1021 4021; x_wconf 87' lang='lat' dir='ltr'><strong>die</strong></span> <span class='ocrx_word' id='word_1_314' title='bbox 1034 3988 1087 4024; x_wconf 89' lang='lat' dir='ltr'><strong>om.</strong></span> <span class='ocrx_word' id='word_1_315' title='bbox 1103 3973 1127 4022; x_wconf 84' lang='lat' dir='ltr'><strong>b.</strong></span> 
     </span>
     <span class='ocr_line' id='line_1_35' title="bbox 109 4034 1236 4110; baseline 0.006 -24"><span class='ocrx_word' id='word_1_316' title='bbox 109 4034 263 4089; x_wconf 74' lang='lat' dir='ltr'><strong>liudrimsto</strong></span> <span class='ocrx_word' id='word_1_317' title='bbox 273 4053 302 4089; x_wconf 81' lang='lat' dir='ltr'><strong>s.</strong></span> <span class='ocrx_word' id='word_1_318' title='bbox 407 4042 504 4098; x_wconf 80' lang='lat' dir='ltr'><strong>l2cum</strong></span> <span class='ocrx_word' id='word_1_319' title='bbox 516 4043 620 4108; x_wconf 67' lang='lat' dir='ltr'><strong>legione</strong></span> <span class='ocrx_word' id='word_1_320' title='bbox 633 4044 669 4096; x_wconf 90' lang='lat' dir='ltr'><strong>ibi</strong></span> <span class='ocrx_word' id='word_1_321' title='bbox 683 4060 709 4110; x_wconf 85' lang='lat' dir='ltr'><strong>u,</strong></span> <span class='ocrx_word' id='word_1_322' title='bbox 720 4046 756 4097; x_wconf 91' lang='lat' dir='ltr'><strong>ibi</strong></span> <span class='ocrx_word' id='word_1_323' title='bbox 769 4062 825 4099; x_wconf 85' lang='lat' dir='ltr'><strong>cnm</strong></span> <span class='ocrx_word' id='word_1_324' title='bbox 838 4046 939 4109; x_wconf 73' lang='lat' dir='ltr'><strong>legione</strong></span> <span class='ocrx_word' id='word_1_325' title='bbox 950 4046 1011 4096; x_wconf 83' lang='lat' dir='ltr'><strong>edd.</strong></span> <span class='ocrx_word' id='word_1_326' title='bbox 1118 4043 1150 4095; x_wconf 81' lang='lat' dir='ltr'><strong>lb</strong></span> <span class='ocrx_word' id='word_1_327' title='bbox 1159 4041 1236 4092; x_wconf 77' lang='lat' dir='ltr'><strong>lenus</strong></span> 
     </span>
     <span class='ocr_line' id='line_1_36' title="bbox 115 4114 1236 4185; baseline 0.007 -23"><span class='ocrx_word' id='word_1_328' title='bbox 115 4126 143 4163; x_wconf 91' lang='grc' dir='ltr'><strong>ιι.</strong></span> <span class='ocrx_word' id='word_1_329' title='bbox 256 4115 288 4166; x_wconf 83' lang='grc'><strong>11</strong></span> <span class='ocrx_word' id='word_1_330' title='bbox 300 4114 435 4183; x_wconf 79' lang='lat' dir='ltr'><strong>quiequam</strong></span> <span class='ocrx_word' id='word_1_331' title='bbox 446 4134 474 4182; x_wconf 85' lang='lat' dir='ltr'><strong>u,</strong></span> <span class='ocrx_word' id='word_1_332' title='bbox 489 4133 542 4169; x_wconf 82' lang='lat' dir='ltr'><strong>non</strong></span> <span class='ocrx_word' id='word_1_333' title='bbox 555 4120 644 4185; x_wconf 89' lang='lat' dir='ltr'><strong>quidq.</strong></span> <span class='ocrx_word' id='word_1_334' title='bbox 757 4123 788 4174; x_wconf 90' lang='grc'><strong>15</strong></span> <span class='ocrx_word' id='word_1_335' title='bbox 801 4128 894 4171; x_wconf 79' lang='lat' dir='ltr'><strong>ustura</strong></span> <span class='ocrx_word' id='word_1_336' title='bbox 907 4134 954 4171; x_wconf 89' lang='lat' dir='ltr'><strong>sus</strong></span> <span class='ocrx_word' id='word_1_337' title='bbox 967 4135 995 4182; x_wconf 85' lang='lat' dir='ltr'><strong>o,</strong></span> <span class='ocrx_word' id='word_1_338' title='bbox 1009 4134 1056 4169; x_wconf 84' lang='lat' dir='ltr'><strong>sus</strong></span> <span class='ocrx_word' id='word_1_339' title='bbox 1069 4124 1163 4169; x_wconf 77' lang='lat' dir='ltr'><strong>nature</strong></span> <span class='ocrx_word' id='word_1_340' title='bbox 1176 4117 1236 4170; x_wconf 85' lang='lat' dir='ltr'><strong>edd.</strong></span> 
     </span>
     <span class='ocr_line' id='line_1_37' title="bbox 222 4190 1235 4264; baseline 0.005 -21"><span class='ocrx_word' id='word_1_341' title='bbox 222 4191 255 4244; x_wconf 86' lang='lat' dir='ltr'><strong>to</strong></span> <span class='ocrx_word' id='word_1_342' title='bbox 268 4190 359 4245; x_wconf 77' lang='lat' dir='ltr'><strong>Ceteio</strong></span> <span class='ocrx_word' id='word_1_343' title='bbox 372 4196 460 4260; x_wconf 74' lang='lat' dir='ltr'><strong>codd,</strong></span> <span class='ocrx_word' id='word_1_344' title='bbox 476 4195 506 4247; x_wconf 78' lang='lat'><strong>(2.</strong></span> <span class='ocrx_word' id='word_1_345' title='bbox 519 4197 596 4248; x_wconf 89' lang='lat' dir='ltr'><strong>Ateio</strong></span> <span class='ocrx_word' id='word_1_346' title='bbox 608 4198 697 4249; x_wconf 80' lang='lat' dir='ltr'><strong>Aldus</strong></span> <span class='ocrx_word' id='word_1_347' title='bbox 709 4213 793 4264; x_wconf 80' lang='lat' dir='ltr'><strong>nepos</strong></span> <span class='ocrx_word' id='word_1_348' title='bbox 806 4212 833 4246; x_wconf 91' lang='grc' dir='ltr'><strong>ιι.</strong></span> <span class='ocrx_word' id='word_1_349' title='bbox 972 4194 1001 4245; x_wconf 90' lang='grc' dir='ltr'><strong>Ρ.</strong></span> <span class='ocrx_word' id='word_1_350' title='bbox 1012 4194 1096 4261; x_wconf 89' lang='lat' dir='ltr'><strong>Atrio]</strong></span> <span class='ocrx_word' id='word_1_351' title='bbox 1109 4196 1194 4263; x_wconf 76' lang='lat' dir='ltr'><strong>patrio</strong></span> <span class='ocrx_word' id='word_1_352' title='bbox 1207 4212 1235 4248; x_wconf 84' lang='lat' dir='ltr'><strong>a.</strong></span> 
     </span>
     <span class='ocr_line' id='line_1_38' title="bbox 222 4268 1238 4344; baseline 0.007 -23"><span class='ocrx_word' id='word_1_353' title='bbox 222 4268 302 4323; x_wconf 78' lang='grc'>1111.</span> <span class='ocrx_word' id='word_1_354' title='bbox 316 4287 370 4323; x_wconf 85' lang='lat' dir='ltr'><strong>om.</strong></span> <span class='ocrx_word' id='word_1_355' title='bbox 383 4288 411 4323; x_wconf 91' lang='grc' dir='ltr'><strong>ιι.</strong></span> <span class='ocrx_word' id='word_1_356' title='bbox 552 4275 653 4342; x_wconf 79' lang='lat' dir='ltr'><strong>Aquino</strong></span> <span class='ocrx_word' id='word_1_357' title='bbox 666 4291 684 4327; x_wconf 81' lang='lat' dir='ltr'><strong>s</strong></span> <span class='ocrx_word' id='word_1_358' title='bbox 697 4278 712 4329; x_wconf 84' lang='lat' dir='ltr'><strong>b</strong></span> <span class='ocrx_word' id='word_1_359' title='bbox 724 4292 753 4339; x_wconf 89' lang='lat' dir='ltr'><strong>c,</strong></span> <span class='ocrx_word' id='word_1_360' title='bbox 772 4273 885 4339; x_wconf 78' lang='lat' dir='ltr'><strong>Aquinio</strong></span> <span class='ocrx_word' id='word_1_361' title='bbox 898 4288 926 4322; x_wconf 89' lang='grc' dir='ltr'><strong>ιι.</strong></span> <span class='ocrx_word' id='word_1_362' title='bbox 1076 4273 1238 4344; x_wconf 77' lang='lat' dir='ltr'><strong>Damasippi-</strong></span> 
     </span>
     <span class='ocr_line' id='line_1_39' title="bbox 110 4345 1236 4418; baseline 0.007 -22"><span class='ocrx_word' id='word_1_363' title='bbox 110 4345 155 4412; x_wconf 81' lang='lat' dir='ltr'><strong>qsi</strong></span> <span class='ocrx_word' id='word_1_364' title='bbox 166 4361 194 4398; x_wconf 91' lang='grc' dir='ltr'><strong>ιι.</strong></span> <span class='ocrx_word' id='word_1_365' title='bbox 341 4351 374 4403; x_wconf 81' lang='lat' dir='ltr'><strong>ts</strong></span> <span class='ocrx_word' id='word_1_366' title='bbox 387 4352 537 4418; x_wconf 87' lang='lat' dir='ltr'><strong>circnmque</strong></span> <span class='ocrx_word' id='word_1_367' title='bbox 550 4351 578 4405; x_wconf 80' lang='lat' dir='ltr'><strong>d.</strong></span> <span class='ocrx_word' id='word_1_368' title='bbox 717 4351 858 4404; x_wconf 87' lang='lat' dir='ltr'><strong>luminibus</strong></span> <span class='ocrx_word' id='word_1_369' title='bbox 870 4366 887 4400; x_wconf 87' lang='lat' dir='ltr'><strong>u</strong></span> <span class='ocrx_word' id='word_1_370' title='bbox 902 4350 916 4399; x_wconf 94' lang='lat' dir='ltr'><strong>b</strong></span> <span class='ocrx_word' id='word_1_371' title='bbox 929 4349 948 4399; x_wconf 84' lang='lat' dir='ltr'><strong>d</strong></span> <span class='ocrx_word' id='word_1_372' title='bbox 959 4348 974 4400; x_wconf 78' lang='grc'>3</span> <span class='ocrx_word' id='word_1_373' title='bbox 987 4349 1067 4417; x_wconf 79' lang='lat' dir='ltr'><strong>dett,</strong></span> <span class='ocrx_word' id='word_1_374' title='bbox 1081 4361 1183 4407; x_wconf 86' lang='lat' dir='ltr'><strong>noctem</strong></span> <span class='ocrx_word' id='word_1_375' title='bbox 1196 4355 1236 4404; x_wconf 91' lang='lat' dir='ltr'><strong>lu-</strong></span> 
     </span>
     <span class='ocr_line' id='line_1_40' title="bbox 110 4423 1234 4497; baseline 0.01 -22"><span class='ocrx_word' id='word_1_376' title='bbox 110 4423 224 4477; x_wconf 77' lang='lat' dir='ltr'><strong>minibus</strong></span> <span class='ocrx_word' id='word_1_377' title='bbox 236 4439 264 4477; x_wconf 88' lang='grc' dir='ltr'><strong>ιι.</strong></span> <span class='ocrx_word' id='word_1_378' title='bbox 386 4428 672 4497; x_wconf 69' lang='lat' dir='ltr'><strong>tbcoueiouoqselu).</strong></span> <span class='ocrx_word' id='word_1_379' title='bbox 794 4427 946 4480; x_wconf 76' lang='lat' dir='ltr'><strong>cohortatur</strong></span> <span class='ocrx_word' id='word_1_380' title='bbox 960 4427 985 4478; x_wconf 73' lang='lat' dir='ltr'><strong>d·</strong></span> <span class='ocrx_word' id='word_1_381' title='bbox 1096 4431 1126 4485; x_wconf 81' lang='lat'><strong>21</strong></span> <span class='ocrx_word' id='word_1_382' title='bbox 1143 4430 1234 4493; x_wconf 71' lang='lat' dir='ltr'><strong>esitd·</strong></span> 
     </span>
     <span class='ocr_line' id='line_1_41' title="bbox 220 4505 1235 4574; baseline 0 -20"><span class='ocrx_word' id='word_1_383' title='bbox 220 4505 398 4568; x_wconf 68' lang='lat' dir='ltr'><strong>negotiatores</strong></span> <span class='ocrx_word' id='word_1_384' title='bbox 412 4520 465 4558; x_wconf 84' lang='lat' dir='ltr'><strong>om.</strong></span> <span class='ocrx_word' id='word_1_385' title='bbox 479 4507 506 4559; x_wconf 85' lang='lat' dir='ltr'><strong>b.</strong></span> <span class='ocrx_word' id='word_1_386' title='bbox 624 4509 659 4561; x_wconf 75' lang='lat' dir='ltr'><strong>ct</strong></span> <span class='ocrx_word' id='word_1_387' title='bbox 670 4509 694 4559; x_wconf 89' lang='lat' dir='ltr'><strong>si</strong></span> <span class='ocrx_word' id='word_1_388' title='bbox 706 4525 734 4560; x_wconf 86' lang='lat' dir='ltr'><strong>u.</strong></span> <span class='ocrx_word' id='word_1_389' title='bbox 849 4507 883 4559; x_wconf 75' lang='lat' dir='ltr'><strong>ab</strong></span> <span class='ocrx_word' id='word_1_390' title='bbox 896 4507 952 4574; x_wconf 77' lang='lat' dir='ltr'><strong>ipse</strong></span> <span class='ocrx_word' id='word_1_391' title='bbox 968 4507 1106 4571; x_wconf 76' lang='lat' dir='ltr'><strong>Clurles&#39;us,</strong></span> <span class='ocrx_word' id='word_1_392' title='bbox 1120 4509 1178 4572; x_wconf 75' lang='lat' dir='ltr'><strong>ipss</strong></span> <span class='ocrx_word' id='word_1_393' title='bbox 1189 4506 1235 4555; x_wconf 82' lang='lat' dir='ltr'><strong>ab</strong></span> 
     </span>
     <span class='ocr_line' id='line_1_42' title="bbox 108 4578 1233 4650; baseline 0.001 -19"><span class='ocrx_word' id='word_1_394' title='bbox 108 4578 168 4631; x_wconf 84' lang='lat' dir='ltr'><strong>cod.</strong></span> <span class='ocrx_word' id='word_1_395' title='bbox 182 4579 246 4632; x_wconf 81' lang='lat' dir='ltr'><strong>Vrs.</strong></span> <span class='ocrx_word' id='word_1_396' title='bbox 259 4580 275 4632; x_wconf 79' lang='grc'>3</span> <span class='ocrx_word' id='word_1_397' title='bbox 288 4581 377 4646; x_wconf 83' lang='lat' dir='ltr'><strong>dett.,·</strong></span> <span class='ocrx_word' id='word_1_398' title='bbox 391 4597 444 4633; x_wconf 86' lang='lat' dir='ltr'><strong>om.</strong></span> <span class='ocrx_word' id='word_1_399' title='bbox 459 4582 546 4637; x_wconf 83' lang='lat' dir='ltr'><strong>Aldus</strong></span> <span class='ocrx_word' id='word_1_400' title='bbox 558 4601 586 4637; x_wconf 91' lang='grc' dir='ltr'><strong>ιι.</strong></span> <span class='ocrx_word' id='word_1_401' title='bbox 700 4598 748 4635; x_wconf 82' lang='lat' dir='ltr'><strong>sus</strong></span> <span class='ocrx_word' id='word_1_402' title='bbox 760 4584 827 4634; x_wconf 84' lang='lat' dir='ltr'><strong>bonu</strong></span> <span class='ocrx_word' id='word_1_403' title='bbox 840 4600 857 4636; x_wconf 85' lang='lat' dir='ltr'><em>a</em></span> <span class='ocrx_word' id='word_1_404' title='bbox 870 4586 929 4637; x_wconf 84' lang='lat' dir='ltr'><strong>eod.</strong></span> <span class='ocrx_word' id='word_1_405' title='bbox 944 4586 1018 4650; x_wconf 67' lang='lat' dir='ltr'><strong>Vre,</strong></span> <span class='ocrx_word' id='word_1_406' title='bbox 1032 4587 1099 4636; x_wconf 85' lang='lat' dir='ltr'><strong>bons</strong></span> <span class='ocrx_word' id='word_1_407' title='bbox 1112 4597 1159 4632; x_wconf 84' lang='lat' dir='ltr'><strong>sus</strong></span> <span class='ocrx_word' id='word_1_408' title='bbox 1173 4581 1233 4632; x_wconf 81' lang='lat' dir='ltr'><strong>edri.</strong></span> 
     </span>
     <span class='ocr_line' id='line_1_43' title="bbox 216 4662 1233 4728; baseline 0.001 -15"><span class='ocrx_word' id='word_1_409' title='bbox 216 4662 250 4714; x_wconf 75' lang='lat'><strong>2⁷</strong></span> <span class='ocrx_word' id='word_1_410' title='bbox 263 4662 469 4715; x_wconf 71' lang='lat' dir='ltr'><strong>incolomitatem</strong></span> <span class='ocrx_word' id='word_1_411' title='bbox 482 4679 509 4713; x_wconf 87' lang='lat' dir='ltr'><strong>o.</strong></span> <span class='ocrx_word' id='word_1_412' title='bbox 625 4663 659 4716; x_wconf 78' lang='lat'><strong>28</strong></span> <span class='ocrx_word' id='word_1_413' title='bbox 672 4664 877 4726; x_wconf 74' lang='lat' dir='ltr'><strong>exsanguinibus</strong></span> <span class='ocrx_word' id='word_1_414' title='bbox 890 4679 916 4714; x_wconf 87' lang='lat' dir='ltr'><strong>u.</strong></span> <span class='ocrx_word' id='word_1_415' title='bbox 1027 4663 1082 4714; x_wconf 79' lang='lat' dir='ltr'><strong>uite</strong></span> <span class='ocrx_word' id='word_1_416' title='bbox 1095 4674 1194 4728; x_wconf 88' lang='lat' dir='ltr'><strong>quoque</strong></span> <span class='ocrx_word' id='word_1_417' title='bbox 1208 4662 1233 4715; x_wconf 88' lang='lat' dir='ltr'><strong>b.</strong></span> 
     </span>
    </p>
   </div>
   <div class='ocr_carea' id='block_1_5' title="bbox 0 0 1328 5124">
    <p class='ocr_par' dir='ltr' id='par_1_5' title="bbox 0 0 1328 5124">
     <span class='ocr_line' id='line_1_44' title="bbox 0 0 1328 5124; baseline 0 4"><span class='ocrx_word' id='word_1_418' title='bbox 0 0 1328 5124; x_wconf 95' lang='lat' dir='ltr'><strong> </strong></span> 
     </span>
    </p>
   </div>
  </div>
 </body>
</html>
