2646 5124
175 752 216 825 C.
233 758 287 835 bb,
302 756 326 825 9
339 759 385 823 sic
399 752 561 823 cdcbuturs
579 757 621 823 ‘si
635 756 673 821 ub
687 776 723 823 rc
735 754 934 823 nmmum
940 750 1100 821 Romanoa
1114 758 1194 825 exolr

91 864 164 928 dere
174 872 224 927 aut
233 862 376 926 adductos
387 860 535 944 inopiacx
551 858 708 943 prouincia
722 857 886 925 excludere
899 856 1056 943 posscut's
1073 862 1194 945 etpuci

91 965 238 1050 scriptum
253 963 347 1028 estin
361 960 549 1046 interpolatis
564 961 667 1038 codd,
684 961 742 1025 uisi
757 960 838 1045 quod
849 959 882 1026 in
896 962 936 1027 iis
953 962 1142 1047 praepositio
1157 950 1194 1031 ‘er

93 1066 252 1130 omittitur.
289 1063 378 1128 lleuc
400 1064 581 1149 scripturum
597 1065 672 1129 lerri
685 1085 746 1129 non
761 1084 851 1151 posse
865 1084 971 1129 omncs
984 1062 1194 1131 intellexere!

92 1165 172 1231 Nam
189 1166 374 1253 prouinciam
389 1165 565 1231 necessario
580 1186 646 1230 cam
661 1166 894 1251 intellegendam
908 1186 997 1246 csse,
1010 1186 1104 1251 epure
1117 1176 1194 1253 postu

92 1268 304 1335 Narbonensis
317 1268 464 1354 appellata
480 1277 539 1347 est,
557 1278 692 1353 apertum
707 1280 766 1334 cst.
809 1268 860 1335 Ab
879 1290 918 1335 ee
937 1278 1040 1335 ιιιιιιι
1063 1268 1194 1337 nonu

91 1372 296 1439 intercludere
310 1390 407 1456 neque
422 1368 567 1435 nolebant
578 1368 659 1437 Galli
675 1390 773 1456 neque
786 1382 939 1457 poterent,
954 1371 1130 1456 omniaque,
1146 1390 1194 1459 pur

91 1486 183 1543 autea
202 1476 300 1541 relata
322 1482 414 1551 suut,
438 1473 475 1536 de
497 1472 624 1539 incenso
644 1472 848 1549 Nonioduue,
872 1474 1025 1540 iumento
1044 1474 1194 1561 reliqum

92 1589 261 1645 commeatu
275 1586 430 1661 asportato
445 1585 498 1639 eut
511 1588 674 1662 corrupte,
690 1577 727 1641 de
741 1576 901 1661 praesidiis
915 1576 953 1639 ed
967 1570 1108 1661 Ligerim
1122 1578 1194 1663 dispe

91 1682 160 1747 sitis
176 1702 242 1747 cam
256 1680 405 1743 rationem
422 1676 584 1759 hebebant,
600 1678 772 1745 utllomrni
787 1690 819 1745 et
832 1678 1194 1765 progredi-prohibuere

92 1794 125 1850 et
138 1791 323 1848 commeatus
346 1781 449 1866 inopie
474 1782 572 1845 coemi
593 1800 627 1846 sc
642 1782 815 1867 reciperent
828 1782 860 1847 in
872 1781 1073 1867 prouinciam.
1119 1778 1194 1867 lth

93 1882 177 1949 Galli
191 1882 343 1959 Labieno,
359 1884 458 1968 quiin
473 1882 562 1947 obem
578 1894 693 1968 partem
708 1884 819 1951 missus
834 1895 913 1963 eret,
928 1884 961 1949 in
975 1883 1136 1968 colloquiis
1149 1902 1194 1949 cer

93 1986 251 2053 brmabaut
264 1986 461 2051 interclusum
476 1984 587 2051 itincre
606 1997 638 2050 ct
652 1984 759 2074 Ligeri
773 1983 940 2053 Caesarem
962 1986 1064 2072 inopie
1080 1988 1194 2053 irum

94 2099 230 2155 coactum
251 2088 283 2153 in
305 2087 491 2173 prouinciam
514 2089 727 2169 contendisse,
752 2100 787 2155 ut
801 2090 975 2155 relecturc.
991 2086 1056 2169 td,
1078 2088 1112 2155 1.
1157 2084 1194 2155 lu

95 2212 200 2257 omues
215 2191 301 2256 codd.
322 2200 443 2276 praeter
463 2190 663 2276 interpolatos
685 2214 747 2258 nou
772 2200 835 2259 ‘cx
854 2192 1011 2279 prouincia
1033 2192 1194 2257 excludere

95 2295 149 2359 sed
166 2302 218 2358 ‘ex
235 2292 392 2378 prouincia
407 2292 572 2377 expellerc’
587 2294 742 2359 exhibent.
772 2291 877 2380 ltaque
891 2304 976 2359 reete
989 2290 1140 2359 Nicasius
1150 2288 1194 2363 lit

94 2396 241 2474 lcbodius‚
259 2394 462 2469 llotomenus,
479 2393 602 2478 Lipsius
625 2396 816 2463 scribendum
832 2398 976 2461 dixerunt
1000 2402 1065 2459 ‘eut
1079 2393 1194 2460 adducit

94 2500 196 2583 inopie
210 2498 240 2562 iu
258 2498 442 2582 prouinciam
457 2497 612 2581 expellere
628 2503 773 2583 posseut'.
803 2497 946 2563 bbendum
962 2498 1031 2562 inde
1045 2509 1146 2561 ortum

95 2602 172 2685 quod
188 2601 300 2688 expelli
325 2601 355 2663 in
371 2600 500 2682 aliquem
515 2601 612 2665 locum
629 2603 728 2666 miuus
743 2613 829 2666 recte
843 2601 901 2666 dici
916 2599 1092 2680 uidebatur3
1116 2600 1194 2665 deins

95 2705 127 2768 iu
142 2703 331 2790 interpolatis
348 2703 434 2766 codd.
454 2704 641 2768 ‘excludere’
657 2716 709 2768 eut
724 2724 829 2769 errore
844 2703 1005 2788 repetitum
1021 2713 1070 2767 est
1084 2713 1140 2767 aut
1153 2702 1194 2767 its

96 2808 239 2891 positum,
257 2808 333 2889 quod
348 2803 503 2869 Romanos
519 2826 559 2869 cx
574 2807 751 2890 prouincia,
768 2806 799 2869 iu
816 2827 873 2890 qne
890 2824 951 2869 uun
966 2815 1089 2884 essent,
1114 2824 1155 2870 nc
1167 2824 1194 2873 ct

95 2907 163 2991 pelli
180 2908 298 2989 quidem
315 2909 448 2991 potuisse
464 2909 705 2995 intellegebatur.
750 2906 833 2972 Mire
848 2907 1002 2973 Wbittius
1024 2908 1101 2972 beeo
1116 2908 1194 2973 ucrlt

95 3020 131 3074 ut
144 3009 304 3073 scribenda
319 3009 396 3088 dixi,
413 3022 555 3076 constare
564 3022 655 3094 neget
663 3032 729 3074 cum
738 3011 952 3095 sequentibus=
972 3017 1071 3093 ‘quam
1088 3010 1128 3074 ed
1141 3030 1194 3095 spe

95 3111 218 3177 multum
234 3132 287 3176 eos
303 3113 477 3191 adiuuabat,
495 3116 573 3196 quod
581 3111 678 3198 Liger
691 3133 733 3177 ex
748 3114 868 3179 niuibus
885 3122 1035 3189 creuerat,
1053 3124 1088 3176 ut
1103 3112 1194 3177 omnir

95 3217 173 3281 cedo
189 3236 248 3281 non
264 3236 353 3300 posse
368 3217 492 3280 nansiri
507 3217 683 3295 uideretur’‚
701 3217 840 3281 nimirum
856 3216 925 3300 quie
940 3216 1115 3297 magnitudo
1129 3216 1194 3279 duur

95 3322 143 3385 uis
160 3321 421 3385 frumentationem
436 3320 581 3405 impedire
595 3319 760 3404 potuisset,
783 3340 844 3384 non
859 3320 998 3397 edicere,
1023 3338 1083 3400 quo
1107 3316 1194 3383 leeilit

95 3422 223 3489 Romani
241 3424 472 3508 expellerentur.
517 3420 561 3485 At
586 3432 722 3507 apertum
743 3432 791 3486 est
810 3421 905 3506 ipsum
923 3421 1064 3484 frumenti
1079 3421 1111 3484 in
1127 3421 1194 3485 alter

95 3526 160 3609 ripe
175 3527 305 3609 inopiam
321 3537 494 3590 cunctorem
510 3524 604 3588 luisse
618 3525 787 3602 Romanos,
806 3534 849 3603 ut,
867 3523 926 3587 nisi
942 3520 1077 3607 Ligerim
1093 3522 1194 3589 cami

96 3637 231 3710 possent,
249 3646 283 3689 se
297 3627 329 3691 in
345 3625 528 3711 prouinciam
544 3626 725 3712 reciperent.
757 3624 813 3691 llle
829 3638 928 3690 mmeu
952 3625 1051 3690 omnia
1074 3625 1125 3690 ille
1151 3634 1194 3689 ‘et

97 3729 240 3793 adductos
257 3730 355 3812 inopie
371 3750 411 3791 ex
427 3727 580 3812 procineie
596 3728 761 3813 expellere’
777 3728 899 3793 deleuit.

183 3826 223 3894 C.
241 3828 296 3905 td,
314 3828 331 3891 1
349 3840 419 3894 ente
434 3826 678 3914 Oudendorpium
694 3831 737 3894 ite
754 3832 819 3895 lere
834 3831 995 3896 edebatur:
1022 3826 1194 3910 ‘Quibusr

96 3932 152 3997 bns
167 3927 423 4018 cognitianescr
438 3935 645 3997 maturandum
661 3933 719 3996 sibi
734 3935 863 4011 censuit,
881 3933 908 3997 si
924 3942 1006 3997 esset
1020 3932 1051 3996 iu
1068 3932 1194 4016 perlicic

97 4035 143 4098 dis
159 4035 297 4119 pontibus
313 4035 551 4119 periclitandum,
569 4045 603 4098 ut
617 4034 718 4118 prius,
735 4035 830 4117 {quam
846 4045 950 4099 essent
965 4034 1095 4098 maiores
1118 4054 1157 4099 co
1177 4055 1194 4098 c

97 4147 184 4201 eotee
193 4138 308 4221 copiae,
326 4139 491 4203 dimicaret.
508 4136 589 4202 Nam
606 4147 639 4200 ut
653 4149 834 4201 commutato
850 4138 976 4202 consilio
983 4138 1041 4201 iter
1057 4136 1088 4199 in
1104 4136 1193 4221 pruni

99 4240 175 4302 ciem
192 4252 407 4319 conuerteret,
431 4242 462 4306 id
477 4261 516 4305 ne
532 4251 594 4304 tum
610 4240 729 4323 quidem
746 4241 919 4305 necessario
937 4240 1104 4303 laciendum
1121 4239 1194 4303 exist

98 4341 216 4419 meabat,
241 4363 307 4405 cum
332 4345 410 4425 quod
430 4343 552 4406 infamia
575 4354 664 4427 etque
687 4342 848 4425 indignitas
863 4342 909 4407 rei
926 4352 957 4404 et
971 4342 1126 4425 oppositus
1141 4362 1194 4405 mu·

98 4442 244 4509 Ccuenun
259 4445 433 4528 uierumqnc
449 4446 605 4510 dillieultcs
621 4444 818 4529 impediebat,
842 4455 904 4508 tum
927 4446 1058 4508 maxime
1081 4444 1194 4526 quode

100 4549 201 4613 iuncto
218 4545 357 4613 Labieno
373 4559 462 4631 etque
477 4548 515 4612 iis
530 4548 717 4632 legionibus,
735 4567 807 4629 ques
823 4569 881 4610 unu
898 4548 1039 4623 miseret,
1064 4545 1194 4610 debetne

99 4662 146 4716 ter
162 4650 313 4716 timebet’.
358 4648 395 4714 In
416 4650 462 4716 tis
477 4651 561 4736 prius
577 4649 693 4734 ‘quod'
717 4670 735 4714 e
757 4646 910 4735 Stephane
933 4651 1081 4714 adiectum
1104 4659 1171 4715 estc
