2646 5124
477 610 622 682 CAPV'l'
643 612 793 679 tt-ts
1190 620 1253 688 est

68 787 225 855 sinistrum
241 805 338 850 cornu
352 785 468 870 maguis
484 785 616 868 equitum
633 785 727 869 copiis
742 787 946 850 firmauerunt.
974 783 1101 852 luterim
1117 787 1233 857 Cae-2

67 912 120 957 sar
133 889 230 954 aciem
245 887 347 971 dirigit
360 887 543 971 simplicem,
560 898 594 952 ut
608 900 728 974 poterat
742 900 865 975 propter
880 889 1057 975 paucitatem
1069 916 1078 969 ς
1102 895 1194 978 sagit·

69 994 165 1059 auos
179 1002 251 1056 ante
265 991 362 1054 aciem
378 991 549 1070 constituit,
573 991 689 1073 equites
712 992 819 1056 dextro
835 992 1017 1075 sinistroque
1033 1015 1127 1058 cornu
1143 1017 1194 1080 op-

66 1094 154 1180 pouit
174 1093 268 1158 etita
289 1093 451 1177 praecipit,
481 1103 514 1156 ut
536 1093 748 1178 prouiderunt,
773 1116 810 1159 ne
833 1095 1022 1160 multitudine
1045 1098 1194 1181 equitatus

30 1211 47 1263 5
71 1197 201 1262 bostium
215 1195 521 1260 circumuenirentur:
536 1196 729 1260 existimabat
744 1198 823 1261 enim
838 1218 871 1262 se
887 1199 952 1261 acie
966 1198 1114 1263 instructa
1128 1222 1194 1265 cum

68 1298 257 1386 pedestribus
279 1298 372 1383 copiis
395 1299 616 1362 dimicaturum.
649 1296 726 1364 Cum
742 1301 891 1383 utrimque
907 1303 1079 1385 expectatio
1095 1304 1191 1381 fieret,
1208 1302 1251 1374 14

67 1422 164 1485 neque
181 1397 299 1466 Caesar
319 1421 389 1465 sese
410 1412 547 1466 moueret
568 1412 600 1466 et
621 1423 686 1466 cum
706 1424 829 1467 snorum
845 1403 993 1486 paucitate
1010 1416 1116 1468 contra
1130 1429 1193 1472 ma-

67 1525 158 1587 gnam
173 1504 234 1567 uim
249 1503 375 1567 bostium
391 1502 518 1567 artilicio
533 1505 629 1588 magis
644 1526 731 1588 qoam
746 1505 862 1569 uiribus
878 1505 1096 1571 decernendum
1111 1508 1193 1573 uide-

67 1615 137 1682 ret,
161 1604 261 1669 subito
283 1606 520 1671 aduersariorum
537 1607 687 1689 equitatus
703 1628 772 1671 sese
788 1610 956 1671 estendere
971 1620 1003 1673 et
1015 1609 1048 1673 iu
1063 1610 1193 1674 latitudi-

10 1719 42 1773 te
68 1727 137 1770 nem
160 1728 338 1790 promouere
359 1708 507 1793 collesque
530 1709 683 1793 complecti
706 1719 736 1772 et
756 1707 898 1774 Caesaris
921 1711 1083 1792 equitatum
1106 1724 1193 1778 exte·

67 1830 164 1873 unare
184 1810 330 1894 simulque
350 1814 386 1876 ad
409 1812 650 1876 circumeundum
666 1832 839 1895 comparare
854 1832 888 1876 se
904 1825 1079 1896 coeperunt.
1112 1811 1227 1880 Cae-2

66 1912 179 1976 seriani
202 1914 319 1996 equites
341 1935 447 1980 eorum
468 1915 685 1978 multitudinem
701 1935 791 1999 aegre
807 1915 1005 1978 sustinebant.
1038 1915 1130 1982 Acies
1146 1918 1193 1981 in·

65 2016 151 2080 terim
167 2016 281 2080 mediae
296 2038 364 2103 eoru
380 2037 561 2081 concurrere
577 2028 772 2094 conarentur,
783 2015 882 2081 subito
898 2038 937 2081 ex
954 2018 1114 2082 condensis
1130 2030 1192 2082 tur·

64 2118 123 2182 mis
143 2118 257 2202 pedites
272 2117 426 2184 Numidae
440 2120 517 2184 leuis
533 2131 703 2183 armaturae
719 2142 784 2182 cum
800 2119 949 2201 equitibus
965 2132 1147 2205 procurrunt
1161 2132 1192 2185 et

10 2231 42 2285 ts
63 2219 143 2286 iuter
164 2221 348 2305 legionarios
370 2222 514 2308 [pedites]
538 2222 636 2287 iacula
659 2222 822 2285 coniciunt.
856 2221 914 2285 llic
929 2244 995 2286 cum
1011 2217 1225 2292 Caesariani3

64 2322 97 2387 in
113 2344 167 2388 eos
181 2324 323 2407 impetum
338 2325 500 2404 iecissent,
525 2325 644 2388 illorum
661 2325 776 2406 equites
792 2323 998 2407 refugiebant3
1016 2325 1129 2406 pedites
1145 2326 1192 2388 in-

65 2427 155 2489 terim
177 2425 378 2504 resistebant,
409 2428 477 2491 dum
498 2429 614 2512 equites
636 2447 742 2490 rursus
765 2446 856 2488 eursu
877 2436 1023 2490 renouato
1046 2426 1191 2509 peditibus

65 2527 130 2591 suis
152 2537 377 2591 succurrerent.
410 2527 526 2592 Caesar
550 2552 629 2592 nouo
644 2548 756 2613 genere
772 2549 889 2612 pugnae
905 2527 1022 2604 oblato,
1047 2549 1111 2590 cum
1128 2528 1250 2599 aui-15

65 2650 146 2694 mum
168 2631 341 2694 aduerteret
361 2629 482 2694 ordines
503 2652 625 2695 suorum
647 2630 679 2694 io
703 2630 905 2714 procurrendo
927 2629 1040 2693 turbari
1061 2629 1191 2713 (pedites

10 2740 42 2795 11
64 2732 164 2810 euin,
188 2732 257 2796 dum
273 2734 389 2816 equites
405 2732 523 2817 longius
539 2733 576 2796 ab
591 2734 687 2818 signis
703 2744 918 2818 persecuntur,
936 2732 1031 2796 latere
1047 2732 1191 2797 nudatos

65 2833 212 2919 proximis
233 2832 372 2899 Numidis
394 2835 500 2899 iaculis
523 2835 777 2916 uulnerabantur3
803 2837 918 2919 equites
940 2845 1038 2899 autem
1062 2833 1192 2898 hostium

66 2936 158 3022 pilum
174 2937 275 3001 militis
290 2958 380 3002 cursu
396 2938 484 3001 facile
499 2938 661 3021 nitebant),
679 2940 769 3004 edicit
784 2959 838 3023 per
853 2940 985 3017 ordines,
1000 2959 1039 3002 ne
1055 2938 1120 3022 quis
1135 2937 1191 3000 mi·

65 3041 111 3104 les
132 3038 170 3104 ab
184 3040 280 3124 signis
295 3051 343 3103 1111
359 3041 448 3125 pedes
464 3041 583 3124 longius
599 3044 786 3126 procederet.
818 3040 978 3127 Equitatns
993 3041 1112 3105 iuterim
1128 3038 1228 3105 lta-2

65 3141 145 3206 bieui
161 3163 283 3206 suorum
299 3143 488 3207 multitudine
503 3146 633 3208 confisus
641 3141 784 3210 Caesaris
800 3146 978 3229 paucitatem
991 3143 1119 3207 circuire
1127 3164 1189 3206 non

10 3255 40 3309 15
62 3256 216 3311 moratur:
243 3247 358 3329 equites
372 3242 481 3310 luliani
504 3247 589 3331 pauci
611 3248 800 3311 multitudine
823 3247 950 3310 hostium
973 3245 1082 3308 defessi
1105 3244 1189 3326 cquis

66 3348 290 3412 conuulneratis
320 3349 462 3433 paulatim
492 3351 619 3431 cedere,
651 3350 745 3414 hostis
768 3348 863 3433 magis
885 3347 1038 3430 magisque
1061 3345 1187 3408 instare.

63 3447 112 3514 lta
133 3462 243 3535 puncto
265 3452 408 3536 temporis
431 3454 568 3518 omnibus
591 3453 765 3537 legionariis
787 3451 823 3514 ab
841 3450 968 3514 hostium
985 3448 1117 3533 equitatu
1132 3446 1225 3512 cir-3

65 3555 232 3619 eumueutis
248 3550 451 3638 Caesarisque
474 3557 568 3641 copiis
591 3557 621 3619 in
645 3555 748 3620 orbem
771 3552 930 3638 compulsis
944 3551 1024 3614 intra
1039 3549 1190 3614 caucellos

174 3759 185 3810 l
201 3762 345 3828 equitatum
359 3761 384 3811 1.
510 3762 594 3814 baele
607 3763 734 3812 instructa
748 3776 805 3812 cum
818 3759 982 3827 pedestribus
996 3757 1077 3824 copiis
1091 3772 1118 3821 a,
1132 3773 1190 3809 cum

63 3833 123 3901 ped.
138 3850 196 3902 cop.
211 3839 269 3889 soie
282 3839 359 3888 instr.
373 3837 433 3889 edd.
560 3840 576 3891 6
589 3842 718 3907 utrimque
731 3839 879 3907 expectatio
892 3854 919 3889 a.
1038 3836 1053 3887 7
1066 3851 1125 3886 sese
1138 3852 1190 3886 mo

62 3921 140 3965 nent
150 3914 273 3982 Lipsius,
288 3934 317 3969 se
331 3925 477 3969 remoueret
490 3918 567 3968 codd.
696 3920 711 3970 9
726 3920 839 3985 equites,
852 3918 900 3969 aed
911 3918 999 3968 altero
1012 3930 1146 3980 cupreae„
1160 3930 1188 3965 u.

175 3994 208 4045 te
220 4003 363 4048 extenuare
374 3996 538 4061 Stephanus,
554 3997 692 4049 extenuari
705 4013 722 4048 a
736 3998 810 4048 ‘mae
826 3996 859 4047 5’.
1001 3993 1030 4045 ll
1046 3992 1190 4041 circumue-

63 4069 190 4121 niendum
204 4071 231 4122 b.
360 4080 503 4141 coeperunt
515 4074 546 4124 Ρ.
560 4074 713 4136 Manutius,
729 4078 870 4140 coeperant
881 4086 899 4120 u
912 4071 987 4121 ‘men
1002 4073 1029 4119 et
1041 4066 1100 4117 edd.
1115 4064 1190 4129 qdd!

177 4148 211 4200 ll
222 4146 357 4202 Numidiae
369 4167 396 4202 u.
543 4158 728 4216 procurrerunt
742 4152 767 4200 1.
916 4148 947 4198 15
960 4144 1150 4210 legionerurios
1161 4158 1188 4194 a.

173 4226 276 4293 pedites
288 4228 390 4294 reliqui
404 4228 509 4294 ‘forsan
523 4228 659 4292 egloesu’,
674 4227 772 4277 milites
785 4242 856 4276 arnus
870 4225 924 4275 ciet.
938 4240 966 4274 u.
1091 4223 1123 4276 te
1135 4223 1191 4274 uui·

64 4316 132 4353 nunt
145 4302 300 4355 aduerteret
312 4320 329 4356 a
343 4306 366 4369 b,
381 4320 434 4356 non
448 4302 579 4354 unimoda.
683 4302 716 4354 20
725 4303 907 4368 (persecuntur
919 4300 947 4365 c)
960 4308 1153 4366 prosequuntur
1164 4301 1189 4352 1.

172 4379 537 4438 metamaucensem.
641 4378 959 4446 22palu1umilitesabfe.
1062 4378 1189 4444 2³1v(e).

170 4460 205 4515 et
217 4460 332 4511 circuire
345 4476 362 4510 u
376 4462 449 4513 ‘msa
461 4456 605 4526 pleriquc’,
621 4457 758 4509 circumire
772 4474 800 4509 u.
936 4473 986 4508 nou
1000 4464 1117 4509 moratur
1129 4471 1188 4521 ego,

61 4554 113 4590 nou
127 4546 239 4591 conatur
252 4539 297 4590 ab
311 4539 452 4611 cataleta,
468 4545 580 4589 conatur
591 4552 619 4587 u.
633 4535 698 4588 Vid.
711 4540 808 4608 sarept.
823 4538 905 4589 diser.
917 4553 947 4603 p.
961 4537 1023 4601 181,
1038 4537 1080 4588 15.

61 4616 96 4670 25
108 4615 211 4682 equites
224 4616 265 4683 (a)
278 4616 377 4680 Aldus,
392 4617 435 4683 qui
449 4617 551 4686 equites
566 4616 581 4667 b
594 4631 608 4667 e
620 4615 635 4667 1
649 4612 716 4667 dett.
838 4615 870 4672 et
885 4613 1019 4683 temporis]
1034 4614 1113 4665 borae
1125 4611 1188 4664 ee'd.

63 4694 118 4746 ab.
227 4692 398 4760 omnibusque
410 4709 437 4745 a.
