2646 5124
337 631 682 704 011110111111..
701 634 1003 705 11111111ιο611
1225 642 1290 713 75³

560 829 645 872 crem
659 830 777 874 ruins.

196 907 265 975 Cic.
281 911 375 977 Brut.
392 910 454 990 72,
476 908 559 975 253:
591 907 763 997 Qui-etiam
784 912 815 976 in
831 913 971 976 maximis
986 915 1232 997 occupationibus

109 1014 149 1078 ad
163 1014 323 1099 teipsa,
340 1014 437 1098 inquit
451 1016 483 1079 in
498 1035 546 1078 mc
560 1015 699 1091 intuens,
716 1016 754 1079 de
768 1016 887 1080 ratione
901 1014 1012 1079 Latine
1028 1016 1164 1099 loquendi
1181 1042 1231 1084 ac·

110 1116 298 1181 curatissime
313 1118 469 1201 scripserit
483 1117 638 1202 primoque
652 1116 684 1180 in
698 1116 774 1181 libro
787 1118 899 1182 dixerit
911 1117 1071 1182 uerborum
1083 1119 1232 1185 delectum

74 1231 92 1282 a
114 1218 261 1302 originem
276 1238 344 1283 esse
360 1220 546 1302 eloquentiae
562 1220 769 1303 tribueritque,
786 1222 826 1285 mi
842 1218 950 1298 Brute,
969 1221 1036 1284 bnic
1052 1231 1166 1298 nostro,
1184 1225 1234 1306 qui

109 1340 158 1384 me
180 1321 217 1385 de
239 1321 291 1385 illo
314 1321 417 1385 maluit
432 1342 518 1405 quam
534 1343 568 1386 se
584 1321 702 1400 dicere,
727 1323 845 1386 laudem
860 1323 1043 1408 singularem
1060 1327 1144 1405 (nam
1158 1326 1235 1389 scri·

108 1423 168 1508 psit
182 1423 233 1486 bis
247 1424 360 1504 uerbis,
374 1446 440 1487 cum
457 1423 535 1488 bunc
552 1424 670 1488 nomine
686 1436 769 1489 esset
784 1426 913 1489 affatnse
934 1425 992 1488 ‘Ac
1008 1426 1046 1502 si,
1057 1436 1091 1488 nt
1104 1427 1237 1512 cogitata

111 1524 268 1610 praeclare
292 1527 388 1610 eloqui
411 1537 553 1610 possent,
576 1528 714 1591 nonnulli
735 1529 834 1591 studio
857 1538 888 1592 et
911 1549 966 1591 nso
987 1528 1233 1608 claborauerunt,

114 1627 201 1690 euius
215 1638 246 1690 te
263 1648 355 1711 paene
370 1628 529 1714 principem
546 1629 650 1714 copiae
664 1640 755 1712 atque
770 1630 958 1693 inuentorem
971 1629 1047 1693 bene
1063 1629 1099 1695 de
1115 1634 1235 1696 nomine

67 1740 92 1793 ltt
114 1750 150 1793 ae
166 1729 312 1814 dignitate
327 1730 422 1814 populi
432 1729 558 1796 llomani
575 1731 712 1795 meritum
730 1752 798 1796 esse
814 1732 990 1796 existimare
1002 1732 1233 1815 debemus'-):

116 1832 194 1895 bunc
210 1822 326 1896 lacilem
342 1842 372 1895 et
387 1833 565 1898 eoddiannm
583 1834 706 1898 nouisse
720 1856 889 1899 sermonem
906 1856 985 1898 nune
1000 1855 1055 1920 pro
1070 1837 1177 1900 relicto
1190 1847 1237 1902 est

112 1933 290 1998 babendum.

199 2035 281 2101 GclI.
300 2039 328 2116 Ι,
348 2036 407 2102 tlt:
433 2034 521 2119 Quod
536 2060 554 2101 a
569 2033 607 2102 C.
623 2034 759 2103 Caesare
781 2039 812 2102 iu
836 2040 929 2123 primo
952 2040 988 2103 te
1004 2039 1143 2123 analogia
1159 2038 1235 2103 libro

113 2139 257 2222 scriptum
273 2151 341 2216 est,
362 2141 441 2203 babe
456 2161 577 2225 semper
589 2141 621 2203 in
636 2141 780 2204 memoria
795 2151 883 2224 atque
898 2143 928 2204 in
944 2152 1088 2225 pectore,
1112 2152 1146 2206 ut
1161 2153 1235 2206 tam·

67 2250 89 2303 lt
110 2260 198 2325 qnam
214 2240 369 2324 scopulum
385 2241 430 2304 sic
446 2242 542 2324 logias
558 2243 722 2308 inauditnm
738 2255 829 2326 atquc
844 2242 978 2307 insolens
994 2245 1130 2307 uerbum.

200 2341 308 2428 Pomp.
327 2364 435 2406 comm.
453 2354 515 2407 art.
533 2343 615 2408 Dan.
627 2368 663 2431 p.
675 2345 869 2411 abaciam:
894 2344 1044 2428 Analogia
1059 2357 1106 2408 est
1121 2366 1237 2429 compa-

114 2443 205 2507 ratio.
230 2434 282 2509 Fit
297 2455 366 2508 octo
382 2445 489 2508 modis.
514 2444 560 2510 Vt
572 2445 634 2510 sint
646 2469 704 2512 sex
720 2449 789 2511 illae
805 2460 917 2531 partes,
936 2468 1013 2530 quae
1029 2447 1168 2510 accidunt
1183 2468 1237 2510 no·

115 2547 200 2611 mini.
225 2542 291 2611 Sex
312 2558 411 2611 autem
427 2547 566 2612 accidunt
581 2551 693 2614 nomini
708 2552 785 2615 ista:
803 2550 951 2634 qualitas,
974 2549 1168 2634 comparatio,
1185 2568 1237 2634 ge-

114 2670 183 2729 nus,
202 2671 356 2725 numerus,
374 2651 481 2736 ligura,
493 2672 594 2717 casus.
618 2651 702 2718 Ecce
717 2674 775 2718 sex
789 2664 903 2738 partes.
927 2651 1040 2717 Exitus
1055 2650 1237 2738 syllabarum

67 2760 90 2815 a
111 2763 145 2815 nt
166 2753 206 2818 sit
227 2752 345 2818 similis.
371 2750 447 2816 Puta
470 2754 544 2818 illud
568 2757 600 2819 in
615 2777 652 2820 ns
666 2757 733 2821 exit
747 2768 778 2822 et
792 2757 864 2821 illud
880 2756 911 2820 in
927 2776 975 2819 us.
1000 2752 1237 2820 penultimarum

115 2854 194 2917 ratio
218 2866 250 2918 nt
270 2857 311 2918 sit
325 2855 450 2934 similis,
474 2867 508 2920 ot
523 2868 576 2921 aut
592 2858 713 2924 uocales
728 2859 863 2946 syllabae
878 2859 940 2924 sint
954 2870 1008 2924 ent
1021 2869 1234 2923 consonantes.

225 3060 237 3112 l
252 3061 366 3112 Praeter
377 3078 408 3114 ea
415 3097 426 3124 ,
442 3078 511 3129 quae
525 3067 554 3115 in
562 3065 741 3131 personans
750 3068 942 3133 positafirisse
953 3072 1085 3132 apparet,
1099 3070 1240 3118 nominato

111 3139 204 3204 primo
224 3137 296 3189 libro
314 3137 348 3188 dc
364 3139 495 3206 analogia
506 3155 578 3191 unus
591 3140 666 3192 loeus
678 3141 710 3192 de
723 3142 844 3207 litteris,
863 3145 937 3195 alter
950 3144 1151 3204 denticulatis,
1173 3159 1241 3206 quac

115 3216 285 3280 singularem
297 3222 348 3267 aut
357 3218 490 3283 pluralem
504 3235 646 3271 numerum
658 3229 827 3288 respuerent,
840 3227 960 3281 citatum
970 3237 1038 3286 quaa
1051 3221 1189 3284 appellato
1202 3236 1242 3269 se-

114 3295 201 3345 cundo
214 3296 285 3346 libro
293 3298 487 3364 proferuntur,
500 3303 591 3350 amnia
603 3299 641 3350 ad
652 3299 863 3352 declinationem
874 3301 1025 3364 pertinent.
1040 3298 1137 3360 Itaque
1150 3312 1185 3344 ca
1196 3300 1242 3360 iis,

113 3386 184 3438 quae
201 3387 237 3421 ec
250 3372 330 3422 libris
342 3372 374 3423 dc
385 3373 519 3440 analogia
531 3376 693 3425 citabantur
706 3390 818 3425 numero
831 3374 900 3424 libri
911 3389 965 3423 non
978 3371 1100 3421 indicato
1113 3376 1165 3421 aret
1177 3372 1244 3422 Cne-

114 3453 175 3499 sari
186 3450 386 3514 tribuebantur,
399 3454 441 3501 ita
453 3457 488 3501 ut
497 3467 533 3503 eac
545 3452 624 3503 libris
636 3453 669 3504 de
680 3454 810 3518 analogia
823 3452 966 3517 desumpta
981 3465 1037 3499 esse
1045 3449 1189 3514 probabile
1202 3455 1244 3500 ui-

115 3527 242 3590 deretur,
257 3531 349 3578 omnia
362 3526 399 3577 ad
410 3528 622 3580 declinationem
630 3532 803 3595 pertinentia
817 3532 844 3578 in
858 3526 1004 3577 seeundum
1018 3525 1117 3575 librum
1131 3525 1244 3588 contuli,

115 3605 232 3671 reliqua,
247 3605 280 3656 de
291 3608 351 3671 ipsa
363 3604 506 3672 analogia,
521 3607 553 3657 de
566 3607 669 3657 litteris
681 3611 709 3657 et
720 3606 844 3674 syllabis,
863 3604 894 3655 de
908 3603 1085 3672 etymologia,
1099 3617 1168 3667 quac
1181 3608 1244 3651 ante

113 3685 193 3737 illum
205 3685 294 3735 lacum
307 3685 340 3736 de
351 3700 465 3738 numero
478 3690 600 3738 metata
614 3701 672 3736 esse
683 3701 790 3736 neeesse
802 3689 852 3749 est,
864 3686 955 3749 primo
970 3681 1041 3732 libro
1056 3682 1153 3733 tribui.
1169 3680 1243 3733 Cete-

113 3781 176 3818 rum
184 3765 278 3832 focile
295 3771 416 3834 apparet
430 3760 503 3816 solos
518 3765 694 3829 Ciceronem,
709 3763 930 3829 Quintilianum,
947 3761 1066 3813 Gellium
1083 3777 1114 3814 ea
1127 3763 1242 3827 referre,

114 3862 183 3911 quae
195 3849 252 3911 ipsi
263 3847 291 3895 in
307 3845 436 3895 Caesaris
448 3844 527 3894 libris
542 3844 682 3910 legerant,
697 3843 815 3907 reliquos
829 3856 860 3891 ca
868 3879 877 3905 ,
891 3857 960 3906 quae
972 3841 1112 3906 afferunt,
1133 3840 1244 3890 aboliti

117 3922 297 3983 scriptoribus
309 3924 455 3986 accepisse,
470 3924 520 3985 qui
531 3936 564 3970 ne
577 3924 633 3986 ipsi
644 3919 753 3986 quidem
767 3935 857 3969 omnes
873 3919 1001 3970 Caesaris
1015 3920 1097 3970 libros
1109 3918 1242 3967 uiderint.

116 3998 262 4062 Pompeius
273 4013 339 4049 uero
351 4002 458 4065 siquae
470 4000 577 4050 directa
590 4002 717 4050 oratione
727 4001 824 4063 ponit,
843 4012 874 4046 en
887 4012 940 4047 non
953 4000 995 4045 ita
1007 3999 1113 4058 scripta
1126 3996 1242 4056 inuenit,

115 4077 166 4130 sed
175 4091 227 4128 suo
238 4091 313 4127 more
325 4080 422 4142 ipsein
430 4079 622 4146 eamsormam
631 4077 746 4142 redegit.
853 4075 921 4138 iqui
930 4072 1085 4128 Scbdtzius,
1095 4069 1155 4150 quin
1167 4066 1243 4116 codd.

225 4151 449 4219 ainqoitAttieos
461 4158 491 4205 in
504 4155 660 4205 Ciceronem
674 4153 788 4203 intuens.
896 4145 979 4196 bbuic
992 4138 1094 4204 nostru]
1106 4139 1241 4190 Ciceroni.

224 4230 279 4283 lut
289 4230 536 4297 bagcntarsiniani
548 4229 589 4280 5³.
602 4229 645 4280 68.
655 4228 698 4292 71),
712 4242 766 4278 om.
781 4223 893 4288 reliqui.
1000 4219 1029 4271 11
1041 4216 1124 4268 uerba
1135 4217 1201 4269 bunc
1210 4244 1245 4255 -

113 4309 260 4361 babendum
274 4310 424 4361 curAttico
434 4308 583 4361 tribuenda
591 4311 690 4370 essent,
698 4304 762 4355 diui
770 4305 798 4352 in
806 4298 911 4350 nnnntt.
922 4302 998 4350 critt.
1007 4297 1131 4350 Berolin.
1141 4314 1167 4349 a.
1179 4297 1244 4352 1816

114 4404 151 4440 m.
159 4388 234 4454 vittig.
240 4405 271 4455 p.
280 4388 341 4442 217.
361 4387 491 4440 Relictam
504 4387 580 4450 dicit,
590 4386 622 4436 de
634 4399 688 4451 quo
701 4396 778 4432 nemo
792 4379 1008 4445 uerbumsaeere
1020 4381 1247 4445 operaepretium

113 4464 201 4529 ducit,
210 4469 278 4531 quia
285 4465 515 4518 notumomnibus
523 4469 551 4515 et
556 4475 720 4528 persuasum
728 4464 778 4510 est.
887 4457 917 4509 13
928 4457 971 4524 Cs.
983 4456 1106 4510 Macrob.
1116 4457 1176 4509 Sat.
1185 4456 1208 4518 1,
1218 4456 1243 4504 5.

227 4544 257 4595 17
271 4551 330 4594 octo
343 4540 440 4607 modls]
454 4542 494 4592 Ar
504 4540 631 4605 deinceps
643 4552 740 4589 nouem
753 4540 963 4598 enumerantur,·
977 4551 1013 4584 erc
1025 4535 1122 4598 quibus
1131 4532 1245 4597 Sergius

112 4634 144 4685 p·
159 4619 227 4672 1818
239 4621 270 4671 Ρ.
285 4620 368 4684 illud,
377 4627 406 4670 ot
419 4626 537 4685 tempora
549 4617 602 4668 siut
614 4613 710 4666 similia
724 4616 764 4681 (p.
775 4612 835 4675 151,
848 4614 882 4678 1),
892 4617 987 4678 utpote
998 4609 1087 4659 simili
1099 4607 1177 4655 exitu
1190 4605 1246 4653 iam

116 4698 338 4764 comprehensam
350 4702 423 4748 reete
435 4699 550 4748 omittit.
661 4689 691 4744 17
704 4695 733 4743 et
745 4691 777 4745 18
790 4690 914 4744 accidunt
925 4702 984 4755 ego,
999 4685 1129 4737 accedunt
1140 4681 1199 4735 eod.

152 4793 246 4850 Caesar,
256 4793 292 4840 ed.
308 4791 418 4852 Nipperd.
1057 4766 1104 4831 1ss
