2646 5124
496 585 821 653 —102-

39 784 44 822 e>
114 756 195 839 nrgni
209 757 334 819 inseret.
361 751 422 819 Setl
438 757 470 819 in
485 756 574 840 plane
587 759 770 821 converiunt
782 769 840 834 est,
858 782 924 822 enm
940 762 1091 844 equitibus
1108 775 1224 832 tuntum

108 859 215 935 tribnat,
235 868 269 921 ut
283 858 328 923 eis
343 859 394 922 uel
408 859 547 943 legiones
561 855 705 925 Cressris
720 881 754 924 se
771 863 939 944 lugatumnn
956 866 1099 929 conliniet.
1122 864 1159 930 ln
1174 889 1224 932 re-

101 962 179 1044 liquis
194 961 284 1025 eold.
302 960 414 1044 legitur
435 969 479 1026 ‘et
493 961 576 1046 ipsos
591 962 709 1044 quidem
724 985 783 1026 non
799 964 908 1027 debere
923 964 1083 1029 dubiture’.
1115 965 1221 1052 Itaque

39 1098 41 1105 ·
98 1064 161 1129 bsee
176 1066 221 1128 itu
236 1062 400 1128 seribendn
416 1064 539 1127 censui:
558 1062 651 1129 ‘Neon
667 1065 703 1128 de
718 1065 865 1148 equitibus
880 1066 1026 1146 bostium,
1044 1069 1117 1151 quin
1132 1092 1220 1136 nemo

94 1187 189 1231 eornm
206 1165 353 1250 progredi
369 1166 456 1230 mulo
471 1177 562 1229 extro
582 1186 688 1250 agmen
710 1166 836 1244 audent,
860 1179 892 1230 et
912 1168 994 1251 ipsos
1017 1171 1135 1252 quidem
1157 1194 1218 1238 non

92 1270 194 1333 leber-e
209 1269 371 1345 dubitare,
395 1278 444 1345 et,
455 1290 457 1295 ·
470 1288 529 1350 quo
543 1268 657 1331 muiore
671 1269 784 1332 lueinnt
797 1269 918 1347 auimo,
941 1271 1043 1354 eonius
1065 1292 1100 1336 se
1114 1294 1217 1338 omnes

91 1393 136 1456 pro
148 1370 268 1435 eastris
285 1370 458 1434 habitururn
473 1380 507 1432 et
520 1369 634 1433 terrori
647 1368 782 1435 hostibus
798 1371 952 1434 luturum'.
994 1369 1042 1436 lta
1057 1372 1104 1436 bis
1118 1373 1218 1440 uerbis

168 1471 377 1555 sequentibus
397 1472 568 1535 ooniuuotis
590 1470 664 1536 bueo
685 1473 819 1536 efficitur
840 1483 909 1557 epto
931 1473 1101 1537 sententias
1130 1476 1222 1557 ‘quin

91 1578 200 1659 equites
215 1573 432 1638 Rornanorum
448 1575 586 1658 progredi
602 1594 662 1638 non
677 1577 836 1652 auderent,
854 1575 936 1659 ipsos
951 1576 1082 1659 quidem,
1100 1577 1217 1642 etiamsi

89 1679 283 1753 subessent,
309 1675 448 1740 dubitare
469 1697 530 1739 non
552 1675 681 1754 debere,
705 1678 758 1741 setl
781 1698 838 1760 qno
854 1677 968 1741 maiore
982 1678 1084 1742 onirno
1099 1700 1216 1744 omnem

89 1781 304 1844 iubilationem
320 1777 473 1855 ubioirnt,
496 1798 531 1843 se
552 1788 697 1843 terrorem
719 1779 827 1862 reliqui
850 1780 1004 1844 exereitus
1022 1781 1214 1845 attitumn’.

90 1881 234 1947 Wbittius
251 1881 438 1964 optinorum
453 1880 539 1944 eotld.
557 1881 735 1964 scripturam
751 1882 792 1945 itu
803 1883 947 1960 restitnit,
965 1893 998 1946 ut
1014 1883 1067 1947 ‘et’
1083 1885 1215 1969 portien·

89 1984 147 2064 lun,
164 2006 249 2070 quse
267 1983 376 2068 ‘ipsos'
392 1983 555 2067 praecellit,
572 1984 687 2047 deleret
701 1994 733 2047 et
745 1984 888 2068 deinceps
904 1983 957 2049 ‘it’
972 1986 1136 2050 retineret:
1154 2007 1214 2069 quo

89 2089 177 2167 lueto,
201 2086 458 2174 quemadmodum
480 2083 575 2149 uerbo
596 2085 696 2170 ‘ipsos
717 2085 851 2169 quidem’
873 2098 956 2151 reete
977 2087 1127 2166 licentior,
1152 2108 1213 2152 non

89 2192 180 2255 oleo.

167 2290 211 2358 ss.
225 2291 284 2370 67,
299 2292 322 2356 3
339 2289 456 2357 Caesar
469 2291 602 2356 seribere
616 2312 678 2356 noo
693 2291 807 2377 potnit,
833 2292 1079 2373 quemadmodum
1094 2293 1210 2357 editur:

93 2393 316 2480 ‘inpedimenta
330 2396 415 2459 inter
428 2394 564 2478 legiones
577 2393 785 2478 reeipiuntur'.
817 2391 898 2457 Nam
913 2392 995 2456 inter
1008 2394 1144 2476 legiones
1158 2396 1213 2458 iot·

88 2500 254 2582 polimenta
267 2500 302 2563 in
317 2498 437 2581 agmine
452 2518 572 2580 semper
580 2496 726 2560 eolloeata
741 2507 840 2570 erunt,
857 2507 889 2558 et
902 2496 984 2559 inter
998 2495 1132 2579 singulus
1148 2498 1213 2580 qni·

87 2602 147 2666 len
162 2602 318 2686 legiones,
336 2622 402 2664 eum
415 2602 516 2665 nullus
534 2600 571 2663 ub
587 2600 672 2664 boste
688 2601 778 2663 timor
792 2610 875 2663 erut:
894 2620 961 2661 eum
977 2600 1015 2662 nd
1031 2599 1146 2661 bostem
1161 2619 1212 2683 ep·

86 2705 354 2791 pruninqnnbetur,
372 2703 469 2767 maior
484 2724 552 2787 pars
567 2704 717 2787 legionum
732 2701 948 2776 antecedebat,
967 2701 1074 2765 nunde
1089 2701 1212 2785 impedi·

85 2818 182 2871 neuls
197 2807 295 2870 totius
311 2808 478 2885 exereitus,
495 2807 541 2872 bis
556 2817 654 2870 nutent
668 2805 800 2869 subsidio
809 2803 944 2886 reliquae
959 2803 1212 2888 legionenseque·

86 2907 207 2974 buntur.
239 2906 290 2972 ltu
313 2911 388 2974 baeu
409 2930 428 2972 a
441 2908 576 2974 Caesare
590 2912 766 2972 referuntur
780 2908 846 2971 bur.
864 2927 971 2970 nomm.
990 2903 1040 2983 ll,
1066 2904 1119 2985 17,
1141 2907 1164 2972 2
1179 2918 1212 2972 ot

87 3009 135 3089 1⁹,
151 3009 186 3074 3.
220 3009 282 3073 llio
305 3021 402 3075 autern
426 3034 492 3075 oum
514 3013 630 3094 equites
647 3009 905 3095 Vercingetorigis
928 3032 946 3073 a
966 3009 1062 3073 tribus
1078 3010 1210 3092 portibus

85 3114 211 3178 nissi
227 3122 345 3189 essent,
362 3113 486 3196 optimo
502 3115 620 3196 agmine
635 3125 666 3177 et
680 3112 794 3176 luobus
809 3112 966 3187 luteribus,
984 3121 1124 3194 utsupra
1141 3131 1209 3173 nur·

85 3227 182 3279 rutum
198 3226 261 3292 est,
278 3215 487 3298 impedimento
502 3218 630 3301 undique
640 3216 810 3302 legionibus
826 3215 1037 3278 circumdanda
1053 3213 1147 3276 luisse
1160 3232 1211 3294 up·

85 3329 181 3401 peret.
213 3315 322 3400 ltaque
337 3318 437 3381 ‘intre'
451 3321 548 3401 posui.

170 3416 211 3483 C.
227 3417 293 3494 7⁰,
319 3415 399 3485 3sio
418 3421 513 3485 elidi:
540 3420 669 3485 ‘Hostes
684 3420 716 3482 in
732 3421 830 3504 logum
846 3416 975 3480 ronieoti
991 3437 1024 3480 se
1039 3416 1098 3500 ipsi
1112 3415 1212 3479 multi·

86 3521 191 3586 utine
202 3521 370 3606 inpediunt
391 3533 481 3606 utque
501 3523 724 3610 angustioribus
741 3522 835 3606 portis
850 3519 965 3584 relictis
980 3529 1208 3583 eoooeruuntur.

87 3620 230 3689 Gonni
245 3625 347 3691 uerius
362 3647 456 3710 usque
471 3627 509 3690 utl
523 3627 707 3690 munitiones
722 3624 910 3709 sequuntur'.
939 3621 1020 3686 Nam
1036 3623 1067 3685 in
1082 3621 1209 3707 integris

85 3727 169 3791 w.
194 3728 256 3808 (tle
270 3724 343 3791 Pur.
365 3748 411 3813 nr.
428 3728 521 3806 falso,
547 3739 580 3792 nt
594 3729 691 3807 solet,
709 3728 904 3792 Aebsintn'us
919 3726 1043 3808 retulit)
1065 3724 1210 3807 senptunn

84 3840 130 3893 eet
143 3831 335 3895 ‘eoeeeruati
349 3840 411 3894 tum
426 3829 600 3895 Gemsui’e
624 3831 695 3895 inde
708 3833 740 3895 in
756 3829 953 3894 deterioribus
975 3825 1151 3911 quibusdum
1166 3824 1211 3887 el-

86 3931 196 3995 ieotun
210 3941 261 3995 est
276 3939 521 3997 ‘uoaeeruuntur⁸
546 3931 625 3997 Tum
641 3930 810 3997 Germani'.
841 3929 876 3993 ln
893 3927 1084 4014 interpolatis
1099 3927 1212 4012 legitur

86 4039 288 4099 ‘moiuntur
321 4032 494 4100 Germani’.
541 4032 634 4112 illud,
659 4036 737 4119 quod
759 4033 844 4117 posui
860 4032 1044 4115 integrorum
1061 4029 1212 4112 scriptura

85 4137 158 4201 tutis
173 4147 282 4222 unone
296 4136 502 4221 significetur:
526 4158 624 4221 neque
647 4137 746 4200 ‘tum’
766 4134 913 4220 partioulu
936 4135 983 4197 bie
1008 4131 1081 4195 lerri
1098 4138 1211 4212 potest.

85 4235 284 4324 Nequaquam
298 4237 545 4317 eniutGermuni,
562 4250 595 4303 ut
604 4237 709 4302 (lullus
724 4247 934 4320 sequerentur,
951 4232 1212 4298 euuoeruationem

86 4359 188 4407 ternu
203 4342 475 4425 abensbentret
488 4342 611 4407 omnino
625 4330 727 4415 mors,
752 4359 828 4424 quse
843 4339 895 4403 illu
910 4333 1057 4421 particula
1072 4332 1212 4406 inlertur,

87 4442 121 4506 ob
135 4444 193 4509 tae
207 4445 361 4509 consituto
374 4445 551 4509 numtione
561 4445 672 4509 ulieua
685 4454 745 4508 est.
792 4437 1013 4508 ‘Cuurtuutur’
1037 4446 1136 4498 autem
1152 4452 1215 4494 mu·

88 4546 182 4627 ew
194 4547 376 4631 rwuitoi
390 4546 462 4614 nnn
477 4560 514 4612 ut
525 4546 746 4619 ηωιιιιιιιιι
759 4545 936 4629 ιιιιιιιιι
949 4538 1118 4623 magunt,
1135 4528 1216 4593 cn-

89 4649 165 4714 *ἰή*
177 4649 415 4737 ὶῦῑηῌῦιτ,
438 4650 503 4717 uiri
522 4652 661 4718 homines
682 4670 743 4718 uon
762 4658 847 4715 reule
869 4640 1046 4710 unooeritori
1060 4634 1120 4699 diei
1134 4631 1218 4695 uide·
