2646 5124
10 4882 22 5092 t

475 597 780 666 —15—

54 769 171 835 nederc
201 768 403 834 metendum
427 778 495 848 est,
519 772 572 835 sed
600 790 637 836 ea
657 772 690 835 in
711 773 776 836 sola
797 775 1016 859 compositione
1039 797 1192 851 uersatur.

54 871 169 956 Neque
193 891 270 935 uero
292 892 391 955 genus
406 873 560 937 scribendi
576 873 727 938 diuersum
744 886 809 955 est,
832 878 906 957 sed,
929 902 997 944 cum
1012 892 1141 969 uterque
1157 889 1195 952 ti.

55 976 112 1039 ber
132 973 342 1043 namationcm
363 996 467 1040 rernm
488 984 640 1062 gestarum
658 979 766 1041 nudam
783 978 892 1044 babeat
906 994 996 1066 atquc
1010 986 1191 1070 simplicem,

57 1078 212 1162 posterior
240 1079 400 1142 uennstior
428 1089 477 1143 cst
503 1080 657 1163 magisque
688 1083 851 1165 perpolitus
873 1094 905 1146 et
925 1084 1072 1151 alacriore
1091 1091 1193 1156 animo

58 1181 198 1265 scriptus.
233 1179 301 1245 Eae
315 1191 417 1245 autem
430 1201 482 1245 res
497 1202 683 1264 nequaquam
699 1184 832 1262 obstant,
847 1206 905 1268 quo
920 1187 1018 1251 minus
1033 1191 1191 1257 abeodem

58 1286 189 1370 scriptus
210 1285 264 1348 sit.
295 1281 378 1348 Nam
401 1283 512 1347 bomini
534 1284 566 1346 in
590 1283 749 1349 scribendo
771 1306 832 1349 non
849 1289 1006 1352 admodum
1022 1295 1191 1357 exercitato

59 1390 169 1467 (solum
184 1397 289 1452 autern
303 1384 517 1451 Anticatoncm
533 1384 654 1450 Hirtius
673 1397 743 1450 ante
758 1387 813 1451 bos
828 1389 921 1452 libros
937 1391 1058 1454 uidetur
1071 1415 1191 1478 compo-

58 1491 175 1577 suisse)
188 1489 280 1553 fusile
296 1488 464 1563 accidebat,
488 1500 532 1567 ut,
556 1511 617 1572 quo
631 1490 752 1574 longius
768 1492 1021 1574 progrederetur,
1035 1514 1071 1557 eo
1084 1497 1115 1557 ei
1129 1518 1193 1560 me·

59 1594 119 1658 lius
139 1593 279 1657 cederets
305 1601 336 1655 et
354 1591 421 1676 ipsa
442 1593 569 1655 materia
592 1593 717 1656 elutius
732 1592 820 1671 libri,
845 1614 910 1656 cum
927 1595 1076 1659 uamemte
1091 1618 1192 1661 rerum

58 1717 96 1759 ac
115 1696 253 1760 beorum
275 1693 482 1777 bellorumque
503 1695 709 1779 magnitudine
732 1694 917 1777 aliquantum
941 1709 1130 1780 praestaret,
1162 1711 1193 1764 et

60 1800 188 1863 ammam
208 1795 373 1861 scribentis
395 1798 493 1881 magis
514 1798 708 1883 permouebat
729 1808 762 1862 ct
783 1798 982 1863 delectatione
997 1802 1129 1864 studium
1144 1813 1191 1864 ot·

59 1921 113 1984 qm
127 1899 317 1983 diligentiam
333 1896 472 1963 addebat.
502 1897 540 1963 ln
558 1901 658 1984 priore
673 1900 860 1985 libripens,
885 1922 961 1985 quse
984 1913 1030 1966 est
1045 1904 1082 1966 de
1097 1904 1189 1967 rebus

58 2001 268 2068 Alexandriae
289 2003 402 2086 gestis,
433 2003 523 2066 etium
548 1998 689 2068 Caesaris
721 2007 887 2069 narrationi
911 2005 1046 2069 nonnihil
1071 2007 1192 2069 uidetur

59 2106 270 2185 tribuendum,
292 2127 351 2189 qua
366 2103 425 2169 sibi
440 2102 558 2169 Hirtius
573 2127 621 2191 ep.
639 2108 678 2172 ad
693 2105 779 2171 Balb.
799 2107 827 2189 5.
845 2105 866 2171 8
887 2107 944 2171 hcc
960 2107 1067 2172 bellurn
1084 2120 1190 2172 notum

59 2230 130 2273 esse
160 2207 279 2271 scn'bit.
315 2204 422 2290 ltaque
448 2207 557 2272 librum
586 2211 622 2273 de
650 2209 729 2273 bello
751 2208 961 2273 Alexandrino
983 2230 1077 2293 aeque
1098 2223 1190 2299 atque

58 2322 207 2375 ocmnnm
222 2309 347 2375 debello
363 2307 482 2375 Gallico
497 2311 591 2375 Hirtii
606 2312 783 2381 existimare
799 2334 859 2374 non
875 2312 1085 2376 dubitabimus.

148 2413 222 2477 Atia
236 2433 323 2477 cansa
337 2423 387 2478 est
401 2415 527 2479 duorum
541 2415 722 2498 reliquorum
738 2414 1034 2480 commentariorum.
1064 2413 1143 2478 Nom
1160 2416 1190 2478 in

60 2517 138 2582 libro
158 2516 197 2580 de
219 2515 299 2581 hetto
319 2518 468 2582 Africano
488 2519 615 2601 primum
636 2539 687 2582 res
710 2529 815 2601 gestae
838 2517 954 2601 plenius
976 2526 1047 2580 sunt
1062 2517 1188 2595 relatae,

63 2641 150 2703 quam
172 2629 227 2684 aut
246 2639 266 2682 a
288 2613 425 2684 Caesare
446 2632 499 2685 aut
519 2621 558 2686 ab
572 2619 674 2685 Hirtio
695 2621 726 2684 in
747 2619 952 2703 superioribus
967 2618 1190 2683 commentariis

64 2725 173 2787 tactum
188 2732 254 2787 estc
271 2733 385 2786 etcum
400 2723 444 2788 illi
459 2724 568 2789 seriem
584 2723 768 2788 narrationis
784 2724 825 2786 ita
837 2723 1034 2801 instituerint,
1051 2732 1096 2798 ut,
1114 2742 1190 2805 quac

64 2847 97 2889 re
116 2827 280 2891 coniuncta
302 2836 409 2905 erant,
432 2836 665 2911 componerent,
689 2826 737 2889 bic
759 2825 922 2889 secundum
946 2825 1089 2910 temporis
1110 2826 1191 2889 crdi-

66 2949 130 2993 nem
144 2929 292 2993 dismacta
307 2931 407 2994 omnia
420 2930 567 2994 uidemus.
599 2924 666 3007 lta,
690 2938 725 2990 ut
742 2948 836 3011 pauca
851 2949 1096 3006 commemorem,
1121 2950 1189 2993 com

65 3032 133 3096 inde
161 3053 180 3095 a
209 3052 239 3094 c.
264 3030 308 3096 12
327 3053 421 3116 nsque
450 3034 488 3096 ad
517 3053 546 3096 c.
572 3027 614 3095 19
640 3051 741 3115 pugna
771 3032 915 3113 quaedam
945 3043 1068 3096 narrata
1095 3042 1189 3110 esset,

68 3155 93 3196 e.
109 3133 167 3210 21,
186 3133 210 3197 2
228 3133 311 3197 inter
323 3154 374 3198 res
389 3136 477 3218 plane
491 3133 629 3198 diuersas
643 3134 777 3196 refertur
791 3130 958 3199 Labienum
974 3155 1065 3212 snos,
1093 3134 1192 3217 quiin

67 3256 104 3298 ea
126 3255 229 3319 pugna
246 3237 365 3301 tostam
378 3238 522 3314 sauciati,
546 3235 689 3321 plaustris
705 3233 902 3299 Adrumetum
923 3237 1117 3320 deportasse:
1140 3254 1192 3299 res

68 3360 85 3401 a
114 3333 208 3402 Sittio
230 3348 334 3421 gestae
355 3339 555 3423 particulatim
577 3337 759 3402 interiectae
779 3346 852 3398 sunt
872 3359 901 3399 c.
917 3336 972 3399 25.
996 3335 1051 3413 36,
1073 3336 1108 3398 d.
1132 3333 1190 3399 95:

68 3463 93 3505 c.
107 3437 166 3519 st,
192 3439 213 3506 ³
236 3434 402 3506 Cnesmem
418 3437 563 3506 Gaetulos
581 3439 723 3524 perfugas
738 3436 775 3500 nd
792 3436 971 3501 seditionem
986 3438 1193 3503 concitandam

68 3543 98 3607 in
118 3564 246 3628 regnum
269 3540 361 3608 lubae
384 3543 553 3620 dimisisse,
579 3563 608 3605 c.
632 3539 674 3606 55
697 3541 820 3605 eosdem
843 3540 1019 3625 peruenisse
1042 3550 1193 3626 etsrege

69 3647 223 3731 populares
244 3664 318 3710 suos
335 3644 491 3711 diduxisse
506 3656 659 3709 narratur.
688 3641 772 3709 Mira
787 3645 912 3726 quadum
928 3643 1082 3729 diligentia
1099 3643 1193 3707 bono·

68 3769 115 3815 res
135 3749 327 3836 singulorum
348 3748 499 3814 bominum
521 3759 731 3832 praeterquam
754 3766 875 3825 eorum,
908 3747 958 3831 qni
989 3756 1077 3811 erant
1097 3745 1193 3810 notis·

69 3852 152 3930 simi,
176 3852 276 3916 notati
296 3862 387 3926 snnt,
417 3871 515 3935 neque
539 3851 636 3915 solnm
658 3871 733 3933 qnos
755 3869 820 3912 cum
836 3849 968 3912 maxime
983 3848 1128 3931 gerebant
1144 3848 1193 3929 (id

70 3955 144 4037 qnod
158 3976 178 4019 a
192 3949 330 4019 Camars
345 3975 461 4038 qnoque
476 3965 509 4019 ct
522 3953 636 4030 Hirtio,
660 3953 712 4017 sed
727 3963 755 4016 et
771 3952 865 4016 multo
881 3951 999 4034 parcius
1015 3968 1110 4032 neque
1127 3950 1195 4013 sins

70 4057 176 4123 idonea
189 4079 285 4123 cansa
299 4058 410 4123 lactum
425 4061 499 4138 est),
522 4077 628 4121 uerum
644 4055 733 4119 etiam
749 4055 785 4118 ad
802 4075 887 4136 quem
900 4054 1025 4136 gradum
1041 4052 1196 4137 dignitatis

73 4172 291 4243 peruenerant,
315 4181 373 4244 quo
399 4181 440 4226 cx
461 4180 574 4245 genere
589 4169 662 4225 sunt
676 4181 704 4223 e.
720 4156 776 4238 28,
784 4142 811 4220 ‘1
836 4152 888 4220 ⁴C.
904 4154 1061 4240 Vergilius
1076 4164 1196 4237 praeto·

72 4263 162 4343 rius’,
185 4260 242 4344 33,
266 4264 287 4330 3
309 4259 362 4329 ⁴C.
379 4260 514 4329 Hessius
535 4261 673 4328 aedilicia
688 4263 808 4326 functus
824 4256 1001 4345 potestate’,
1025 4256 1080 4335 34,
1102 4252 1194 4321 2‘C.

74 4359 224 4432 llecimius
246 4367 466 4452 quaestorius',
492 4363 556 4445 85,
578 4365 601 4430 7
630 4363 761 4430 ‘'lullios
783 4362 882 4428 Rufus
904 4359 1116 4444 quaestorios'.
1148 4355 1197 4421 De

76 4470 205 4536 consiliis
228 4465 374 4537 Cnessris
394 4488 558 4556 permagna
579 4462 764 4533 modestiae
788 4466 935 4550 scriptore
957 4462 1119 4527 indicatum
1135 4471 1196 4538 est,

78 4582 106 4635 nt
124 4572 268 4639 arbitrmi
289 4595 324 4640 se
345 4578 389 4657 (c.
404 4571 492 4657 7,·4)
514 4572 564 4638 nel
586 4568 763 4636 existimare
783 4567 831 4653 (9,
848 4568 884 4651 2)
899 4588 965 4632 eam
981 4586 1102 4630 causam
1118 4559 1198 4624 Cac-

77 4675 135 4739 sari
154 4676 201 4743 rei
222 4677 350 4744 alieuius
372 4675 530 4743 demendae
543 4674 637 4741 luisse
651 4674 778 4740 dicem.
810 4669 846 4735 In
859 4669 1062 4754 Pompeianos
1077 4670 1200 4749 praeter
