2646 5124
370 113 509 181 const.
529 114 589 181 llll
614 114 708 180 CAP.
725 117 834 181 -t-r.
1176 126 1235 191 331

28 312 93 375 qne
110 290 215 355 rebus
232 287 370 366 student,
388 289 461 351 nibil
477 289 523 351 liis
540 290 782 352 committendum
799 292 998 356 existimauit.
1027 292 1084 357 Est
1100 296 1178 359 enim
1196 298 1217 359 2

30 394 95 463 ltoe
111 390 260 458 Gallicae
276 391 514 468 consuetudinis,
533 392 577 455 uti
593 404 622 455 et
637 393 773 456 uiatores
786 392 874 455 etiam
887 394 999 459 inuitos
1011 396 1180 463 consistere

37 508 159 583 cogent
174 506 224 575 et,
249 493 319 578 qnid
342 493 468 577 quisque
491 514 594 558 corum
618 496 654 559 de
676 514 793 578 quaque
808 516 842 558 re
858 496 986 561 audierit
999 510 1051 563 ant
1065 520 1179 583 eogno-

41 600 140 680 urit,
157 607 331 685 quaerant,
348 608 380 661 et
394 608 577 661 mercatores
592 598 624 661 in
640 598 1098 691 oppidis,uulguswcireumsjstat
1111 602 1177 686 qui-

10 700 167 785 itusque
190 722 233 765 ex
254 700 428 785 regionibus
451 700 577 763 ueniant
598 722 731 784 quasque
746 700 786 763 ibi
803 722 853 765 res
869 704 1085 785 cognouerint,
1110 726 1179 788 pro·

49 806 191 869 nuntiare
206 815 331 889 cogant.
362 802 421 867 llis
435 803 526 866 rebus
541 812 629 886 atque
645 804 846 869 auditionibus
862 806 989 889 permoti
1006 807 1042 868 de
1058 806 1215 871 sunrmisd

52 926 140 993 saepe
155 906 249 972 rebus
265 906 393 971 consilia
408 908 535 983 ineunt,
552 927 676 989 quorum
693 926 746 969 eos
762 908 793 971 io
810 908 940 992 uestigio
955 908 1112 991 poenitere
1128 928 1181 971 ue·

55 1030 137 1075 cesse
152 1022 218 1088 est,
236 1031 304 1073 cum
319 1010 446 1073 incertis
461 1009 633 1073 rumoribus
648 1010 802 1087 seruiunt,
828 1021 858 1072 et
873 1010 1006 1097 ploriqoc
1021 1011 1058 1073 ad
1074 1010 1180 1074 uolun-

55 1122 143 1177 tatem
165 1132 270 1177 eorum
293 1113 363 1176 licta
378 1112 592 1196 respondeant.
639 1108 707 1193 Qua
732 1113 950 1176 consuetudine
965 1112 1085 1195 cognitu
1101 1107 1217 1183 Cae-d

10 1218 32 1273 Ι
54 1236 118 1293 sar,
134 1234 173 1279 ne
187 1214 320 1299 grauiori
335 1214 415 1279 bello
430 1224 623 1291 occurreret,
642 1216 808 1293 maturius,
833 1237 920 1299 qoam
937 1225 1117 1292 consuerat,
1142 1214 1179 1277 ad

56 1318 221 1381 exercitam
236 1317 448 1402 proficiscitur.
487 1316 535 1381 Eo
559 1319 789 1395 conuenisset,
807 1339 854 1393 en,
873 1340 948 1401 quae
966 1320 1029 1382 lore
1046 1314 1216 1401 suspica-2

56 1430 104 1483 tus
119 1430 196 1498 erat,
213 1422 292 1485 lucta
307 1422 469 1507 cognouit:
487 1421 594 1484 missos
611 1420 778 1504 legationes
793 1420 831 1483 ab
846 1420 997 1483 nonnullis
1006 1418 1178 1484 ciuitatibus
1194 1416 1216 1483 3

56 1524 91 1587 ad
106 1520 277 1587 Germanos
291 1524 494 1605 inuitatosque
510 1543 573 1600 eos,
593 1523 635 1585 uti
651 1523 687 1585 ab
703 1520 811 1586 Rheno
827 1523 1035 1600 discederent,
1064 1522 1178 1586 omnia·

56 1647 122 1709 pue,
139 1646 217 1710 qnae
233 1626 449 1709 postulassent,
467 1627 503 1689 ab
520 1647 555 1691 sc
571 1627 636 1689 lore
652 1636 768 1708 parata.
814 1622 881 1707 Qua
897 1647 949 1708 spe
965 1625 1085 1688 nddneti
1100 1622 1214 1688 Ger-d

11 1736 33 1787 5
53 1729 138 1791 mani
161 1728 253 1791 latins
276 1730 461 1813 uagabantur
483 1742 516 1794 et
536 1730 568 1793 iu
591 1729 667 1792 lines
682 1727 859 1791 Eburonum
882 1738 911 1791 et
934 1724 1175 1803 Condrusorum,

55 1830 108 1914 qui
125 1840 202 1893 sunt
213 1828 414 1895 Treuerorum
431 1832 576 1909 clientes,
594 1842 809 1915 peruenerant.
854 1828 1045 1914 Principibus
1060 1827 1179 1891 Galliae
1193 1824 1213 1891 5

54 1932 200 1997 euocatis
217 1928 332 1997 Caesar
343 1954 388 2012 ea,
406 1956 482 2018 quae
498 1943 704 2018 cognouerat,
723 1932 937 1996 dissimulanda
952 1933 1008 1995 sibi
1025 1932 1181 1994 existima·

57 2034 101 2097 uit
115 2056 285 2119 eorumque
298 2037 404 2101 animis
420 2037 810 2123 permulsisetconlirmotis
827 2036 1019 2118 equitatuque
1035 2034 1181 2117 imperato

55 2136 164 2203 bellurn
180 2160 248 2203 cum
266 2135 426 2204 Germanis
449 2161 556 2224 gerere
571 2140 736 2203 constituit.
774 2136 821 2202 lle
843 2138 1038 2203 frumentaria
1062 2132 1217 2218 compa-'l

10 2242 40 2301 Ι
58 2251 123 2305 rata
138 2242 347 2326 equitibusque
370 2242 494 2307 delectis
510 2243 568 2306 iter
583 2243 614 2306 iu
631 2263 666 2305 eu
683 2241 748 2303 loca
766 2242 865 2305 lacere
882 2241 996 2324 eoepit,
1021 2239 1127 2321 quibos
1149 2235 1183 2299 in

60 2340 132 2405 locis
147 2362 215 2409 esse
229 2342 402 2409 Germanm
416 2346 567 2409 audiebat.
613 2344 642 2407 A
664 2344 769 2427 quibus
792 2367 859 2407 cum
883 2364 1043 2428 paucorum
1067 2336 1218 2405 dierum2

62 2444 118 2509 iter
137 2446 279 2525 abesset,
304 2448 395 2530 legati
417 2448 455 2510 ob
481 2448 518 2512 iis
543 2458 710 2525 uenerunt,
738 2469 864 2529 quornm
889 2448 961 2511 liaeo
985 2446 1040 2509 luit
1061 2444 1179 2508 oratio:

65 2542 226 2613 Germanos
241 2570 339 2633 neque
354 2550 471 2634 priores
487 2550 594 2635 populo
609 2549 749 2614 Romano
766 2551 875 2614 bcllum
897 2551 1008 2615 inlcrre
1024 2570 1120 2631 neque
1138 2558 1182 2610 ta-
1197 2544 1218 2610 3

67 2670 126 2715 nen
140 2672 299 2732 recusare,
317 2654 344 2717 si
360 2655 560 2731 lacessantur,
578 2654 953 2736 quinormiscontendant,
971 2650 1183 2733 quodGerma·

23 2756 55 2809 Ἃ
71 2772 163 2819 norum
178 2756 366 2821 consuetudo
382 2755 456 2821 baec
471 2757 511 2821 sit
526 2778 543 2820 a
558 2756 724 2820 maioribus
741 2755 861 2833 tradito,
881 2755 1056 2837 quicumque
1072 2752 1182 2813 bellom

167 2962 181 3015 l
196 2972 239 3015 cst
252 2964 320 3015 onim
332 2964 381 3016 loc
392 2966 421 3016 A
427 2963 481 3017 Bc
487 2965 544 3017 ΒΕ
549 2984 557 3027 ,·
581 2974 624 3017 est
635 2972 723 3015 antem
737 2963 785 3013 boc
799 2978 832 3025 u,
848 2968 890 3013 est
903 2960 951 3010 boc
965 2960 1068 3025 inquam
1081 2953 1200 3004 Atmoi-,

75 3041 217 3106 ''WWJ-
230 3056 253 3091 θ·
267 3040 293 3092 ⁸·
416 3042 506 3107 dqoid
520 3043 682 3107 Aimor'oua,
698 3042 765 3108 quod
779 3039 857 3090 codd.
874 3038 1013 3090 Caesaris.
1155 3030 1188 3081 do

75 3116 190 3181 borel,
205 3116 402 3184 deponensque
416 3134 443 3169 rc
457 3119 612 3171 Admotum.
703 3119 895 3184 bcogotbos.
985 3108 1189 3177 rebus(A)B0

75 3188 278 3260 trasmisimus,
292 3199 439 3249 rumoribus
455 3198 573 3265 ledes,
697 3198 865 3261 lionestigio
877 3190 1106 3255 finenem,
1120 3202 1188 3239 ene-

75 3270 326 3335 drioAsmsomo.
340 3275 478 3328 Videon.
492 3276 582 3341 xxo,
597 3279 640 3331 lt.
658 3278 722 3329 Toc.
737 3278 803 3328 usse.
819 3275 866 3339 W,
882 3274 925 3326 oo.
942 3271 1029 3323 Verus
1040 3271 1077 3322 ad
1089 3270 1185 3322 Front.

72 3360 94 3411 t.
107 3352 150 3404 tat
163 3353 206 3405 cd.
221 3354 300 3407 llom.
392 3358 410 3408 8
422 3356 532 3407 incertis
545 3357 660 3408 moribus
673 3357 729 3407 AB
738 3355 823 3407 CDE
836 3352 914 3404 codd.
929 3353 1056 3402 Ar'rnotor'
1066 3348 1189 3407 (motibus

73 3426 242 3497 torquem).
386 3433 418 3485 ld
432 3434 458 3484 ni
470 3432 586 3497 mauiori
599 3450 635 3483 m.
647 3449 692 3499 pr.
707 3433 739 3483 Β.
869 3435 1042 3481 consueuerat
1048 3428 1078 3493 s.

76 3500 97 3557 ll
109 3508 258 3575 suspicatus
273 3509 361 3560 luerat
374 3511 399 3561 b.
506 3510 538 3562 12
550 3526 565 3562 a
580 3510 712 3563 nonnullis
725 3511 774 3575 os.
881 3510 913 3562 ia
926 3524 941 3558 a
955 3506 1080 3571 llbeoos.

74 3586 556 3656 maioquaeqoeBCDEcs‘mrs.'
662 3589 800 3654 llases.
924 3586 1030 3637 abducti
1047 3585 1079 3635 C.

74 3660 97 3716 ll
108 3666 186 3720 latios
199 3667 368 3734 duplantur
379 3668 404 3718 A
413 3669 436 3718 Β
446 3668 469 3719 θ
476 3668 500 3719 Β
509 3668 550 3731 Β,·
568 3667 648 3720 latius
670 3668 720 3718 iam
734 3668 898 3731 nugabantur
910 3667 965 3732 es,
988 3665 1037 3714 iam
1052 3661 1131 3712 latius
1144 3674 1190 3710 ua·

72 3744 189 3805 labatur
201 3749 228 3799 lt.
348 3748 373 3797 in
387 3747 482 3798 linibus
496 3747 546 3813 bs.
687 3749 762 3796 r'ntor
774 3745 920 3795 Eburonum
935 3748 964 3792 ct
975 3743 1086 3791 clientes
1095 3741 1189 3805 poar'ta

72 3826 150 3891 Μ’.
275 3826 470 3878 Condrusorum
484 3826 499 3876 b
514 3824 598 3889 (Μ’,
619 3824 816 3876 Condrusorum
829 3822 916 3875 ABE
930 3815 1081 3886 ‘proreperet

73 3898 418 3956 ll'l'reucrcrnasB‘mrr.'
522 3904 733 3969 perueneruuts.
842 3892 1190 3961 llcnocatisof,uocatis

71 3976 220 4033 Aaron.
330 3978 574 4046 togerereJngere
585 3980 619 4033 Β.
729 3973 1027 4042 loequitatibosqacb.
1153 3968 1192 4018 la·

72 4066 126 4105 tero
136 4058 226 4125 cupit
234 4061 302 4125 post
313 4055 438 4108 audiebat
446 4059 530 4123 ponit
543 4056 568 4107 t.
708 4054 738 4106 tl
755 4054 820 4105 locis
833 4068 887 4103 om.
902 4052 928 4103 b.
1057 4048 1092 4103 22
1105 4045 1137 4096 ab
1151 4043 1192 4093 bis

72 4128 138 4183 W·
279 4134 314 4189 2⁵
326 4134 392 4185 liaeo
404 4148 458 4185 orn.
472 4132 507 4184 A.
647 4128 758 4195 tradito]
774 4136 804 4182 ot
816 4129 881 4181 odd.
895 4128 921 4178 Β
931 4128 955 4178 b.
1090 4122 1192 4187 quicum

73 4202 159 4260 bellurn
175 4210 210 4262 Β.
