2646 5124
462 66 787 129 -173-

90 242 145 296 tuost
161 250 185 298 et
203 236 238 296 ad
256 255 368 318 specus
384 239 545 318 augustiae
563 240 708 313 uallium,
726 262 823 322 neque
835 243 928 302 lormo
939 244 1086 306 orationis
1101 270 1198 331 noqno

80 339 205 402 utentia
230 340 309 402 satis
331 339 501 403 intelleota.
534 339 640 405 Valles
662 344 739 405 adeo
761 356 908 426 angustae
932 346 1024 409 luisse
1041 349 1194 427 dicuntur,

73 441 248 525 lupeculus
262 441 381 505 similes
396 453 512 519 aaut,
529 445 863 528 superimpendentibns
878 449 999 532 rupibus
1008 460 1039 511 et
1049 452 1113 515 lere
1121 473 1195 516 con-

65 543 170 611 indis.
211 543 421 629 Praepostere
447 564 557 629 speetu
586 548 824 631 interpretantur
843 552 966 613 ounnles
987 562 1019 615 et
1039 551 1087 616 ltin
1107 568 1139 619 et
1159 558 1190 621 t.

60 646 138 713 tex.
154 645 191 724 6,
212 646 229 709 1
248 660 283 711 et
297 646 332 721 5,
352 646 382 724 l,
400 648 451 712 nbi
472 649 551 731 quod
573 650 782 731 aquaeductus
806 650 996 717 subterranei
1015 674 1125 738 specus
1140 680 1192 743 np-

58 752 206 833 pellantur,
226 772 292 815 uon
307 751 422 815 diseedi
438 772 455 813 a
471 752 594 835 proprio
608 753 781 837 significatu
802 766 937 837 apparet.
972 756 1043 819 ‘Ad'
1067 780 1191 843 praepo·

56 854 113 917 titio
132 855 165 919 in
188 855 402 939 comparando
423 854 529 917 eodem
546 855 634 919 modo
650 866 741 937 utque
757 860 833 939 apud
851 854 1016 921 Caesarem
1032 861 1128 942 posita
1145 874 1193 927 ost

55 952 150 1021 acie.
176 978 238 1041 pro
256 954 384 1021 Vareno
406 956 532 1041 (fragm.
552 979 581 1041 p.
599 957 662 1021 443
679 955 795 1035 0rell.)
815 957 868 1021 ‘ln
885 960 937 1023 ille
961 958 1127 1045 Septimius
1148 964 1191 1027 di·
1246 1005 1249 1011 -

56 1074 124 1125 teet
136 1060 270 1137 (etenim
289 1072 340 1123 est
354 1059 393 1124 ad
411 1057 452 1122 L.
470 1056 576 1123 Crassi
593 1060 796 1144 eloquentiam
812 1063 918 1144 grauis
937 1074 967 1125 et
982 1064 1146 1129 uehemens
1161 1076 1192 1130 et

56 1164 195 1238 debilis,
214 1160 355 1227 Erucius
377 1162 428 1225 tto
451 1176 557 1229 noster
569 1164 775 1228 Antoniaster
797 1164 920 1244 esti..)
951 1164 998 1229 lta
1014 1168 1094 1231 enim
1115 1170 1189 1233 ltnse

56 1264 255 1353 l'utinquenda
270 1276 357 1329 sunt.
389 1262 510 1330 Deinde
524 1266 562 1329 alt
577 1266 651 1331 Liu.
668 1263 778 1343 XXll,
802 1267 845 1331 22
868 1268 992 1331 ‘homini
1009 1290 1070 1333 non
1086 1274 1122 1334 od
1139 1292 1189 1335 ee-

57 1364 239 1433 uastata
253 1368 384 1451 ingenia
399 1368 531 1447 eellldo’3
547 1372 590 1433 ll.
608 1370 719 1434 Aurel.
736 1371 773 1433 ad
788 1368 896 1435 Front.
914 1368 956 1445 11,
974 1369 1055 1457 tq.
1074 1374 1114 1437 54
1135 1377 1184 1439 od.

56 1464 146 1551 tan.)
172 1473 247 1535 ‘iam
264 1469 465 1536 conticinium
481 1484 573 1555 atque
595 1473 774 1537 matutinum
795 1485 884 1557 etque
906 1474 1070 1540 diluculum
1090 1498 1185 1561 usqne

55 1574 166 1639 tlsolis
180 1584 287 1637 enen
301 1573 448 1659 gelidum,
465 1576 502 1638 ad
517 1576 662 1660 Algidum
677 1576 832 1641 maxime'.

124 1676 238 1741 Eius&
255 1702 287 1741 e.
302 1679 333 1761 §-
348 1676 372 1743 6
386 1677 463 1741 ltaee
479 1677 630 1742 eduntur:
657 1680 714 1743 ‘At
727 1677 873 1743 Caesaris
896 1683 1052 1743 exereitus
1072 1683 1184 1765 optima

53 1778 222 1843 ualetudine
234 1800 408 1865 unque
424 1800 522 1863 aquae
536 1782 622 1865 eopia
640 1782 792 1858 utebatur,
817 1792 878 1844 tum
902 1794 1086 1845 commeatus
1102 1786 1183 1849 omni

51 1902 158 1963 genere
172 1893 298 1967 praeter
309 1884 493 1948 trumentum
507 1883 689 1948 abundabat:
707 1884 815 1967 quibus
831 1884 943 1948 cotidie
958 1886 1064 1947 melios
1079 1906 1185 1949 suece-

52 1983 115 2049 lere
134 1994 257 2070 tempus
278 1986 486 2071 meioremque
507 2010 592 2073 spem
615 1989 790 2051 maturitate
815 1989 1033 2050 frumentorum
1058 1989 1183 2071 proponi

52 2088 205 2153 ddeltamt'.
236 2086 415 2155 fleletim
440 2090 572 2174 ‘quibus'
593 2089 721 2153 lleldius
744 2101 854 2152 neutro
876 2110 990 2173 genere
1013 2090 1123 2154 dictum
1145 2093 1183 2155 nd

51 2208 90 2253 tte
102 2192 255 2255 seeeudae
270 2203 365 2257 antee
379 2204 631 2258 commemoratas
646 2193 755 2255 relerri
767 2194 996 2275 interpretatur.
1021 2190 1083 2257 Sed
1092 2195 1184 2257 aesti-

52 2310 110 2357 ιιι
122 2304 242 2381 tenpus
256 2298 273 2369 (
280 2296 313 2359 id
328 2296 409 2359 enim
425 2296 543 2361 instare
558 2295 707 2360 inleriom
722 2296 951 2377 demonstrant)
975 2316 1072 2383 neque
1086 2296 1182 2359 maio-

53 2412 104 2459 rem
122 2397 342 2463 salebritatem
362 2399 510 2464 aserenan
531 2419 631 2483 neque
652 2417 748 2481 squue
766 2399 894 2482 copiam.
926 2396 1036 2482 Neque
1058 2402 1182 2464 omnino

53 2494 111 2565 hee
130 2502 297 2567 wnnoda
327 2503 434 2585 augeri
448 2490 638 2567 'Caesariani
661 2501 840 2585 cupiebant,
867 2501 974 2584 quibus
996 2503 1180 2587 plenissimis

53 2600 228 2683 ledanum,
251 2604 310 2669 sed
331 2604 475 2669 frumeuti
499 2605 630 2688 inopiam
654 2604 765 2668 leuari.
799 2601 993 2668 ‘Sooeedere'
1017 2626 1092 2669 uero
1113 2606 1180 2668 siue

53 2710 178 2795 nequi
202 2708 276 2773 siue
289 2706 423 2771 lelieiter
436 2707 562 2771 euenire
576 2707 824 2789 interpretamur,
849 2708 921 2770 lerri
937 2708 1052 2790 nequit.
1089 2705 1182 2770 Prius

52 2811 115 2875 nh
135 2814 231 2899 plne
255 2811 392 2895 ineptum
415 2822 480 2889 est,
502 2812 598 2875 alters
621 2810 740 2874 ratione
762 2830 859 2891 neque
881 2820 998 2893 tempus
1019 2808 1183 2872 succedere

50 2924 145 2995 Μ,
170 2914 229 2979 sed
243 2934 297 2979 res
312 2924 449 2989 tentum,
473 2935 562 2996 quam
578 2915 710 2979 hnmano
726 2912 832 2977 laboro
847 2912 968 2975 efficere
983 2911 1066 2987 licet,
1084 2926 1182 2995 neque

50 3015 89 3079 ὖ
100 3016 265 3103 quicqu
280 3018 342 3081 o'mi
358 3016 471 3081 ltomiui
487 3019 602 3102 agenti.
627 3016 666 3081 Ei
682 3018 777 3100 ipsam
793 3016 943 3077 actionem
958 3013 1117 3077 substituit
1125 3009 1180 3075 tt-

48 3118 112 3197 ιἰι,
126 3141 201 3185 eum
215 3120 354 3204 ioeepto‚
376 3120 456 3204 spei,
481 3121 593 3198 fraudi,
617 3120 744 3185 laeinori
760 3116 870 3200 aliquid
886 3115 1051 3181 succedere
1065 3116 1180 3179 diceret

47 3214 157 3301 mv,
178 3219 234 3287 19.
250 3217 416 3297 XXXIII,
432 3220 466 3285 ὅ.
485 3218 684 3303 XXXVIII,
700 3222 755 3285 25.
773 3217 895 3298 XLIV,
916 3218 973 3282 lle
991 3218 1177 3302 antiquiores

48 3326 118 3391 κύ
138 3326 204 3391 tue
224 3344 344 3411 genere
364 3326 590 3390 ehfinemunt.
625 3321 687 3389 Sed
709 3344 748 3387 ne
771 3326 915 3408 seriptum
937 3334 986 3387 est
1005 3321 1124 3404 quidem
1147 3319 1180 3381 in

47 3428 118 3493 add.
135 3428 348 3505 ‘sueeetlere'‚
363 3428 419 3491 sed
440 3425 623 3493 ‘subterere'
638 3437 692 3491 eut
708 3427 915 3491 ‘subterrere'.
950 3423 1023 3487 Inde
1038 3422 1179 3505 quomed-

48 3530 151 3595 utu
166 3532 249 3595 haee
265 3529 453 3594 emendenda
469 3530 544 3607 sint,
561 3531 676 3596 nescio.
707 3528 789 3593 Nem
804 3526 1037 3611 Oudendorpins
1053 3536 1085 3588 et
1099 3521 1179 3587 Vos-

48 3630 260 3719 tiu‚qmom
274 3630 355 3695 alter
370 3632 591 3706 ‘sueeoroere’‚
614 3634 693 3697 alter
716 3632 900 3697 ‘subuenire'
922 3631 1065 3712 seriptum
1086 3624 1179 3688 fuisse

50 3736 183 3817 merit,
208 3732 341 3812 monn,
363 3733 443 3817 quod
463 3734 497 3798 in
519 3736 698 3819 pronomine
712 3736 814 3799 inesse
833 3732 1094 3817 reprehendimus,
1117 3746 1178 3789 non

51 3838 235 3903 tumtunm.

117 3936 160 4005 G.
175 3938 236 4021 5⁰,
256 3939 273 4002 l
291 3939 369 4005 haee
383 3941 422 4005 de
436 3942 632 4028 Pompeianis
645 3945 839 4008 referunture
866 3936 933 3999 ‘llli
956 3956 1024 3999 enm
1045 3930 1180 3995 animad-

53 4044 202 4109 went
223 4066 266 4111 ex
288 4047 414 4131 ignitos
435 4059 527 4111 noete
541 4046 684 4111 solertes
699 4054 820 4107 nostros
835 4042 871 4104 ad
888 4037 1070 4102 munitiones
1084 4047 1181 4093 exeo·

53 4140 129 4225 lue,
152 4148 279 4215 silentio
300 4148 441 4235 aggressi
456 4148 620 4212 uniuersas
640 4148 721 4211 intra
737 4142 958 4209 multitudinem
974 4136 1035 4198 tela
1049 4127 1182 4193 conicie-
