2646 5124
497 579 801 645 ...21—

127 749 229 813 cuuto
247 748 320 812 tradi
342 749 456 828 iulet’,
486 749 517 813 b.
543 750 636 814 Alex·
661 749 712 829 111,
736 753 887 821 4‘uaues
912 779 1035 839 omnes,
1067 783 1141 846 quas
1163 789 1214 851 pn·

114 861 179 916 nus
197 850 356 915 debuerant
376 851 413 915 ad
441 852 659 936 nauigandum,
682 859 951 941 propugnatoribus
974 862 1209 948 instruxerunt',

105 948 186 1031 57,1
216 952 411 1031 ‘la.'l*1tins,
441 955 492 1037 qni
515 975 552 1019 co
575 965 708 1040 tempore
733 958 868 1024 tribunus
890 963 1015 1028 militum
1040 966 1072 1028 in
1092 967 1212 1050 legione

98 1057 248 1123 macula
268 1059 386 1133 luerat,
418 1057 558 1120 nuntiat'.
598 1056 646 1122 De
668 1059 698 1122 b.
724 1058 804 1125 Gall.
822 1060 880 1141 ΙΙΙ,
903 1064 937 1142 7,
960 1067 983 1133 2
1005 1061 1122 1131 Caesar
1136 1072 1212 1134 scri.

88 1161 147 1243 psit
167 1157 216 1225 Ψ.
241 1154 378 1224 Crassus
400 1158 576 1223 adolescens
596 1181 663 1224 cum
685 1163 805 1246 legione
826 1168 950 1248 septima
971 1172 1108 1252 proxime
1128 1197 1212 1242 mare

87 1260 237 1329 θωευιιω
260 1262 292 1327 in
306 1261 445 1326 Andibus
465 1260 620 1326 hiemarat'
638 1264 676 1327 de
691 1285 728 1328 eo
744 1276 879 1351 tempore
894 1269 1051 1353 cogitans,
1075 1296 1134 1357 quo
1146 1278 1211 1362 ipse

85 1367 121 1431 ad
141 1365 313 1431 exercitum
337 1365 431 1428 uenit.
472 1362 611 1429 Sallustii
634 1365 719 1429 locos
746 1367 807 1431 uid.
832 1390 881 1454 ap.
905 1367 1005 1436 Kritz.
1029 1376 1067 1438 ad
1087 1374 1153 1463 lug.
1179 1403 1209 1467 p.

83 1467 157 1535 227.
188 1466 354 1533 Ciceronis
369 1467 486 1542 loeum,
504 1487 589 1550 quem
606 1467 633 1531 is
648 1469 807 1553 ascripsit,
831 1471 964 1536 decrat.
982 1473 1010 1552 Ι,
1025 1475 1060 1555 7,
1077 1477 1121 1541 21
1137 1480 1214 1544 -‘dici

86 1571 157 1635 milri
174 1570 301 1637 memini
321 1567 364 1634 L.
386 1565 530 1634 Crassum
552 1592 587 1635 sc
606 1571 639 1634 iu
661 1568 867 1636 Tusculanum
885 1576 1069 1656 eontulisse,
1092 1582 1214 1647 uenisse

88 1675 205 1749 eodem
236 1693 331 1737 socer
358 1671 425 1736 eius
448 1673 498 1755 qui
520 1675 637 1751 iuerat,
667 1671 707 1755 Q.
729 1671 852 1739 Mucius
879 1677 1044 1744 dicebatur’
1067 1682 1124 1746 luue
1152 1705 1213 1748 non

88 1778 256 1862 petinere,
278 1796 348 1838 eun
371 1771 479 1840 Crassi
501 1797 581 1839 uxor
602 1797 640 1841 eo
660 1786 795 1860 tempore
816 1790 934 1843 mortua
952 1781 1045 1846 luisse
1060 1783 1211 1864 uideatur,

88 1880 270 1943 recentiores
302 1873 460 1942 Ciceronis
488 1878 670 1962 interpretes
699 1891 891 1945 monuerunt.
937 1880 1019 1948 ldem
1049 1896 1150 1951 tamen
1179 1887 1212 1951 in

91 1978 175 2045 Verr.
192 1978 238 2057 ΙΙ,
254 1979 312 2057 29,
327 1979 373 2044 72
393 1980 570 2065 ‘pernellem
586 1981 728 2045 adessent
743 1983 782 2058 ii,
806 1984 857 2066 qni
872 1984 1022 2050 aduerunt
1035 1998 1126 2052 autea
1141 2008 1213 2052 cau·

92 2104 205 2168 unque
225 2083 425 2168 cognorant,
448 2093 479 2146 ct
502 2083 538 2147 de
554 2095 633 2147 orat.
649 2081 693 2162 ll,
709 2082 742 2163 7,
758 2081 803 2149 21)
824 2089 985 2170 praecisa,
1008 2089 1117 2173 iuquit,
1140 2091 1212 2156 uiui

95 2186 227 2249 dubitatio
242 2197 303 2264 est,
325 2187 467 2268 quoniam
482 2206 578 2269 neque
593 2187 672 2251 domi
686 2189 878 2272 imperaram,
902 2202 935 2254 et
949 2191 1010 2271 liic,
1033 2193 1111 2277 spud
1125 2212 1211 2275 quern

98 2308 172 2351 eram
187 2290 321 2363 iuturus,
346 2299 406 2352 tam
424 2288 508 2352 facile
523 2288 668 2373 promisit'
690 2292 1007 2376 plusquamperfectum
1023 2295 1133 2377 posuit,
1157 2315 1212 2377 pro

98 2412 148 2474 qno
168 2403 310 2456 accmta
331 2392 430 2457 oratio
452 2394 616 2474 perlectum
639 2393 821 2476 requirebat.
854 2390 916 2457 Sed
940 2394 1056 2477 uulgari
1074 2414 1214 2458 sermone

99 2493 144 2558 loc
160 2515 258 2578 genus
281 2495 505 2579 frequentatum
524 2515 594 2559 csse
617 2494 776 2562 Vitruuius
798 2497 948 2574 ostendit,
972 2496 1022 2581 qui
1044 2497 1215 2581 plusquam·

45 2620 47 2697 j
99 2603 247 2683 perlectum
277 2609 311 2662 et
332 2619 387 2682 pro
410 2599 584 2682 imperfecto
607 2608 638 2661 et
658 2618 712 2682 pro
736 2601 870 2682 perlecto
893 2609 924 2663 et
944 2600 975 2663 in
997 2600 1078 2663 omni
1101 2620 1214 2683 genere

98 2706 302 2769 sententiarum
318 2700 418 2785 posuit
432 2697 487 2781 (ΙΙ,
504 2703 599 2785 prael.
618 2700 649 2763 1.
667 2698 725 2779 lv,
745 2700 776 2780 1,
791 2699 825 2765 2.
842 2697 915 2780 Vll,
932 2704 1028 2787 prael.
1038 2701 1070 2765 5.
1089 2723 1117 2766 c.
1129 2703 1161 2779 5,
1178 2700 1209 2767 5.

98 2804 163 2884 7,1.
186 2804 279 2884 Vlll,
297 2804 331 2882 3,
348 2801 402 2868 25.
431 2798 492 2879 lx,
507 2803 541 2881 9,
558 2803 590 2867 2.
614 2800 660 2883 X,
676 2802 710 2881 2,
729 2801 782 2865 11.
801 2802 853 2866 15.
879 2802 932 2880 13,
949 2803 981 2868 2.
1000 2803 1032 2869 6.
1057 2805 1111 2885 15,
1127 2807 1160 2870 2.
1177 2806 1209 2872 3.

97 2909 123 2973 1.
140 2908 169 2975 5.
190 2909 225 2975 c.
243 2909 279 2973 7.
307 2904 360 2982 16,
376 2902 408 2968 3.
425 2904 457 2967 1.
474 2904 506 2970 9.
527 2904 579 2970 10.
598 2905 664 2986 ll).
697 2903 772 2970 Item
794 2927 836 2970 ex
849 2907 966 2991 uulgari
981 2930 1120 2974 sermone
1135 2911 1213 2974 usui-

98 3022 147 3076 tun
166 3012 304 3077 arbitror
325 3008 547 3073 coniunctinum
569 3010 601 3073 in
623 3009 779 3074 enuntiato
801 3010 928 3074 relatiuo
945 3013 1011 3076 sine
1027 3034 1118 3077 causa
1134 3014 1214 3097 posi·

98 3124 151 3178 tn·
170 3116 204 3178 n.
227 3115 249 3177 1.
274 3110 317 3177 35
335 3112 381 3175 in.
408 3108 521 3196 ‘Scipio
547 3113 655 3196 quique
675 3132 742 3176 eum
769 3133 805 3177 eo
827 3113 939 3178 essent’
955 3125 987 3178 et
1000 3113 1090 3191 77,1
1119 3114 1216 3179 ‘The-

98 3215 244 3281 lanenses
264 3215 400 3293 interim,
424 3215 474 3297 qui
495 3215 552 3280 sub
573 3216 694 3279 dicione
716 3224 749 3276 et
769 3224 917 3297 potestate
937 3211 1030 3279 Iubae
1052 3236 1121 3279 esse
1143 3238 1216 3280 con·

99 3329 243 3395 suessent,
257 3313 596 3402 legatosadCaesarem
605 3315 751 3380 mittunt’.
767 3312 931 3380 Pmcterea
943 3316 1113 3399 apeculiari
1125 3314 1219 3380 Hirtii

102 3422 306 3487 consuetudine
337 3422 411 3485 haec
440 3421 609 3485 discedunt.
652 3414 842 3482 Constantes
871 3417 902 3479 in
931 3416 989 3480 luoc
1011 3417 1088 3481 libro
1110 3417 1220 3483 dicitur

46 3552 48 3571 =
105 3525 257 3591 ‘mnnallis'
281 3522 331 3603 (7,
345 3522 378 3588 6.
402 3521 457 3604 511,
477 3525 491 3587 1
508 3524 566 3588 bie.
583 3522 615 3585 2.
641 3520 696 3598 66,
712 3521 767 3603 2);
794 3518 912 3584 Hirtius
934 3540 1052 3603 semper
1072 3519 1214 3599 ‘uallem',

46 3626 48 3667 ¹
105 3620 205 3694 lateam
226 3628 300 3693 illud
321 3627 367 3692 lris
388 3628 487 3711 posuit
506 3626 551 3705 (b.
577 3623 658 3689 Gall.
681 3623 741 3703 ΙΙΙ,
764 3621 820 3703 21),
842 3623 911 3687 let
927 3621 967 3703 V,
989 3622 1043 3702 32,
1066 3622 1112 3705 2).
1143 3622 1217 3687 Hir·

106 3730 162 3795 tiam
183 3732 315 3796 uidimus
336 3751 455 3815 semper
473 3726 668 3814 ‘priusquam'
683 3748 816 3812 ponere,
840 3746 998 3809 numquam
1016 3724 1215 3809 ‘antequam'z

105 3829 161 3898 itm
182 3833 233 3897 tic
254 3832 367 3918 legitur
381 3832 414 3913 1,
431 3831 463 3896 3.
487 3830 542 3909 10,
557 3830 591 3909 2,
616 3831 672 3894 lmc
688 3827 742 3908 511,
760 3829 790 3892 1.
816 3827 919 3906 71,2.
941 3825 997 3905 112,
1015 3825 1046 3891 1.
1078 3825 1131 3890 [lx
1146 3847 1219 3890 con·

104 3936 217 4000 murinis
232 3934 389 4020 particulis
404 3956 493 4000 uuam
509 3935 541 3998 in
557 3934 614 3997 toa
628 3932 706 3996 libro
720 3932 890 3996 inuenimus
906 3928 1105 4013 ‘quamquam'
1119 3925 1166 4007 (6,
1183 3925 1216 3991 2.

104 4032 146 4115 11,
168 4036 190 4103 3
213 4048 246 4103 et
266 4037 301 4101 7.
328 4035 381 4117 88,
405 4036 452 4119 5).
493 4035 696 4120 ‘Postquam',
724 4033 800 4117 quod
829 4033 861 4096 in
891 4032 968 4096 libro
997 4041 1104 4095 octauo
1127 4029 1163 4094 de
1185 4029 1217 4091 b.

103 4136 172 4207 Gall.
197 4161 365 4225 nusquam,
389 4141 420 4205 in
442 4142 472 4204 b.
496 4139 591 4205 Alex.
614 4148 719 4223 quater
741 4136 800 4220 legi
816 4136 937 4211 notaui,
961 4134 1008 4197 hic
1024 4133 1073 4197 uel
1088 4132 1221 4196 maxime

102 4242 510 4329 musculorumue
534 4241 618 4322 6,1.
642 4239 745 4315 37,1.
774 4234 1089 4316 3811113111.
1114 4232 1218 4311 16,5.

99 4346 145 4425 11,
161 4347 194 4414 3.
227 4345 370 4425 tutu
384 4346 416 4411 1.
439 4347 495 4426 19,
513 4344 544 4411 1.
569 4342 624 4421 50,
639 4343 672 4407 1.
697 4342 752 4421 57,
770 4341 799 4405 1.
824 4338 878 4417 68,
897 4340 965 4404 tet
979 4338 1011 4403 3.
1034 4336 1089 4414 73,
1106 4334 1139 4400 5.
1165 4332 1220 4411 75,

98 4448 125 4514 1.
145 4448 201 4529 76,
221 4449 253 4515 1.
285 4447 472 4527 ustam.
503 4447 608 4528 79,1.
639 4444 744 4524 811,1.
775 4441 878 4521 81,1.
903 4438 1139 4520 83,1.81,1.
1165 4433 1220 4512 85,

96 4550 290 4620 tutare.
322 4549 378 4631 86,
394 4551 426 4618 3.
458 4544 922 4629 87,1.21,1615.93,3)ε
948 4543 1022 4608 ‘ubi'
1038 4540 1151 4625 legitur
1164 4534 1221 4613 23,

94 4651 123 4721 1.
144 4655 251 4740 3115.
277 4653 384 4736 111,1.
407 4649 514 4736 11,3.
536 4652 642 4736 75,1.
664 4648 849 4732 rutena
870 4644 971 4723 87,1.
995 4640 1108 4722 21,1ε
1133 4635 1225 4721 partie
