2646 5124
494 605 639 677 GAPV'l'
657 611 788 678 8-12.
1200 618 1266 687 723

79 785 173 851 niune
186 781 280 847 tertia
293 779 396 865 uigilia
410 782 562 866 profectus
576 782 732 848 castellum
748 802 920 868 oppugnare
934 786 1044 870 eoepit.
1069 783 1146 852 Cum
1157 811 1209 875 ap·
1224 789 1244 854 3

79 887 352 975 propinquassent,
376 883 509 949 clamore
530 885 686 969 repentino
702 886 887 970 telorumque
902 887 1090 954 multitudine
1105 891 1204 957 iactus

81 992 186 1055 lacere
199 998 382 1073 coeperunt,
400 986 446 1050 uti
459 1006 597 1072 magnam
613 999 727 1072 partem
743 989 895 1052 hominum
910 990 1083 1055 uulneribus
1099 993 1207 1059 adlice-

82 1103 164 1159 rent.
196 1087 265 1174 Quo
279 1100 401 1174 peracto
422 1111 489 1153 eum
505 1110 546 1154 ex
560 1090 686 1155 castello
701 1110 871 1173 repugnare
886 1091 1069 1178 coepissent,
1086 1096 1208 1160 maiori-
1223 1098 1244 1161 4

47 1208 65 1260 a
87 1195 202 1279 busque
224 1191 333 1257 castris
348 1187 477 1258 Caesari
500 1194 623 1257 nuntius
639 1203 722 1257 esset
736 1193 861 1270 allatus,
887 1214 954 1256 eum
975 1204 1010 1257 111
1038 1196 1208 1281 legionibus

84 1308 132 1363 est
144 1296 314 1382 proiectus,
339 1306 374 1359 ut
386 1295 592 1361 laborantibus
607 1304 802 1359 succurreret
817 1296 953 1375 nostris3
971 1307 1082 1361 etcum
1099 1302 1136 1362 ad
1152 1321 1204 1365 eos
1220 1299 1241 1366 b

81 1398 368 1484 adpropinquasset,
392 1399 463 1482 luga
483 1398 634 1482 perterriti
650 1398 736 1462 multi
757 1407 828 1461 sunt
847 1398 1016 1475 interlecti,
1040 1401 1209 1485 complures

82 1503 175 1586 capti,
191 1501 225 1565 in
238 1501 346 1585 quibus
361 1502 418 1565 duo
436 1546 444 1562 .
463 1545 471 1561 .
489 1499 574 1563 multi
589 1510 743 1585 praeterea
758 1501 850 1564 armis
866 1501 951 1564 exuti
964 1504 1117 1587 fugerunt,
1134 1525 1208 1586 quo-

85 1624 154 1667 rum
169 1614 257 1668 scuta
270 1613 343 1667 sunt
355 1602 451 1667 relata
464 1612 576 1666 Lxxx.
608 1599 782 1686 Insequenti
798 1604 865 1667 luce
881 1603 1047 1687 Arguetius
1063 1626 1102 1669 ex
1117 1602 1206 1670 ltalia
1219 1605 1265 1677 10

28 1716 63 1768 tt
85 1726 154 1769 eum
169 1705 301 1789 equitatu
316 1705 410 1769 uenit.
439 1702 471 1769 ls
486 1705 575 1788 sigua
590 1702 826 1788 Saguntinorum
842 1707 946 1770 retulit
960 1708 1108 1790 quinque,
1133 1728 1209 1790 quae

85 1808 124 1871 ab
139 1796 294 1893 oppidanis
307 1808 398 1893 cepit.
421 1804 486 1873 Suo
501 1808 568 1872 loco
584 1807 777 1892 praeteritum
794 1819 851 1886 est,
869 1809 948 1891 quod
961 1810 1077 1892 equites
1093 1830 1134 1874 ex
1149 1807 1245 1873 Ita-2

83 1910 124 1974 lia
147 1931 214 1975 cum
234 1908 405 1996 Asprenate
426 1911 465 1975 ad
481 1904 645 1974 Caesarem
668 1911 835 1974 uenissent.
867 1909 914 1974 Ea
937 1921 1027 1975 nocte
1048 1909 1247 1997 Pompeiusd

60 2068 63 2073 .
84 2023 185 2076 castra
198 2033 254 2078 sna
267 2013 402 2079 incendit
417 2023 450 2077 et
462 2013 500 2077 ad
510 2009 680 2077 Cordubam
698 2033 804 2077 uersus
819 2013 879 2077 iter
890 2013 992 2077 lacere
1003 2014 1113 2097 coepit.
1137 2012 1247 2078 Rexd

85 2116 206 2179 nomirm
220 2111 314 2194 ludo,
338 2114 473 2198 quicum
488 2115 623 2198 equitatu
638 2135 709 2179 suas
725 2115 826 2198 copias
842 2116 1026 2194 adduxerat,
1044 2117 1112 2181 dum
1128 2117 1212 2200 eupi-

31 2227 62 2280 lt
83 2217 152 2281 dius
167 2237 275 2301 agmen
290 2216 533 2281 aduersariorum
548 2217 728 2301 insequitur,
746 2237 764 2280 a
780 2218 950 2281 uernaculis
965 2217 1141 2301 legionariis
1155 2239 1210 2281 en-

86 2328 194 2403 oeptus
213 2329 263 2382 est
283 2328 315 2381 ct
335 2319 523 2383 interiectus.
554 2317 684 2384 Postero
707 2320 754 2383 die
777 2319 891 2403 equites
914 2321 1007 2383 nostri
1031 2318 1148 2402 lougius
1171 2320 1207 2383 ad
1227 2318 1265 2388 ll

87 2416 261 2483 Cordubam
282 2439 391 2483 uersus
412 2420 564 2505 pressanti
586 2432 659 2485 sunt
679 2442 751 2499 eos,
779 2421 827 2504 qui
843 2432 1026 2483 commeatus
1049 2422 1086 2483 ad
1110 2432 1210 2484 eastra

87 2518 225 2605 Pompeii
246 2542 287 2586 ex
309 2522 416 2607 oppido
437 2523 607 2608 portabant.
640 2522 691 2587 En
716 2523 762 2588 bis
786 2524 864 2606 capti
886 2534 907 2586 L
931 2545 996 2585 eum
1018 2523 1159 2586 iumentis
1175 2524 1212 2586 ad

88 2635 194 2689 nostm
207 2623 326 2689 adducti
340 2634 413 2689 sunt
426 2636 537 2689 castra.
570 2624 685 2690 Eodem
701 2626 750 2690 die
765 2623 805 2708 Q.
824 2623 976 2703 Marcius,
1002 2626 1137 2690 tribunus
1158 2626 1213 2689 mi·
1227 2625 1249 2689 2

28 2737 64 2793 2⁰
84 2726 170 2792 litum
185 2728 233 2811 qui
249 2729 357 2793 lusisset
370 2724 508 2812 Pompei,
526 2728 563 2791 ad
579 2748 634 2793 nos
651 2730 830 2812 transfugit,
847 2739 879 2793 et
894 2728 990 2793 uoctis
1007 2729 1096 2792 tertia
1112 2728 1214 2813 uigilia

85 2829 117 2893 in
132 2831 238 2913 oppido
253 2832 400 2897 acerrime
415 2841 580 2917 pugnatum
594 2841 658 2908 est,
674 2831 834 2916 ignemque
849 2833 974 2895 multum
990 2832 1148 2909 miserunt,
1166 2832 1211 2896 sie

88 2941 122 2994 ut
137 2953 224 2995 omne
239 2953 333 3017 genus
351 2981 359 2998 .
379 2981 387 2996 .
408 2979 416 2996 .
436 2978 445 2995 .
464 2932 545 3016 ignis
561 2953 615 3016 per
635 2934 732 2999 iaetus
747 2935 853 2998 solitus
869 2947 916 2999 est
932 2934 1019 2999 mitti.
1045 2933 1112 2998 Hoc
1128 2955 1213 3020 prae·
1229 2933 1249 2998 3

86 3035 178 3099 terito
201 3046 336 3119 tempore
351 3033 447 3101 Gaius
462 3033 658 3115 Fundanius,
677 3058 769 3120 eques
783 3036 956 3116 Romanus,
981 3060 1021 3103 ex
1037 3039 1146 3103 austris
1162 3039 1214 3103 ad·

87 3137 290 3202 uersariorum
312 3138 350 3201 ad
371 3159 427 3203 nos
449 3140 593 3224 confugit
624 3137 752 3204 Postero
775 3142 822 3204 die
847 3162 888 3203 err
910 3141 1028 3223 legione
1051 3141 1213 3205 uernacula
1231 3140 1272 3210 12

28 3248 64 3303 2⁸
86 3240 196 3304 milites
218 3251 290 3304 sunt
311 3241 390 3324 capti
411 3240 450 3307 ab
464 3243 615 3326 equitibus
630 3245 742 3307 nostris
759 3253 800 3318 lt,
825 3242 875 3323 qui
891 3242 1034 3304 dixerunt
1056 3262 1088 3304 se
1104 3262 1210 3305 seruos

89 3363 169 3407 esse.
201 3338 278 3406 Cum
295 3342 451 3422 uenirent,
474 3346 587 3429 cogniti
603 3356 706 3410 sunta
721 3345 883 3421 militibus,
902 3343 952 3425 qui
967 3353 1056 3406 antea
1073 3363 1138 3405 oum
1154 3340 1249 3407 tta-2

87 3444 137 3509 bio
160 3455 192 3508 et
205 3441 299 3509 Pedio
322 3446 441 3512 fueram
461 3458 494 3512 et
506 3446 660 3513 Trebonio
684 3447 952 3533 [transfugerant].
985 3443 1040 3508 Eis
1065 3443 1102 3508 ad
1124 3446 1210 3527 igno-

87 3547 232 3612 scendum
253 3547 335 3613 nuda
349 3550 476 3614 incultas
491 3562 540 3615 est
553 3552 642 3629 deta,
668 3562 737 3614 eta
761 3549 901 3613 militibus
925 3547 1036 3611 nostris
1059 3547 1211 3610 interlecti

200 3755 319 3824 leoepit]
327 3764 358 3810 nt
368 3758 548 3812 laboramibus
560 3766 728 3811 succurreret
741 3759 823 3810 nostri
836 3758 899 3810 cdd.
912 3755 1214 3812 neccommittam
1238 3782 1241 3791 ·

197 3832 213 3885 3
226 3833 370 3885 adficerent
381 3851 409 3887 α.
521 3837 626 3902 lpuete
638 3852 655 3885 a
672 3836 744 3886 ‘mar¹
760 3834 794 3888 δ’.
905 3834 1096 3902 maioribusque
1108 3850 1125 3884 a
1140 3834 1215 3886 ‘mam

90 3908 125 3974 3’,
139 3917 167 3961 et
178 3911 321 3963 maioribus
334 3927 362 3963 u.
476 3915 491 3966 d
504 3915 726 3967 allaborantibus
740 3922 906 3966 succurreret
921 3916 1017 3966 nostris
1031 3930 1083 3966 em.
1098 3913 1175 3965 codd.
1190 3917 1219 3963 et

89 3988 150 4039 edd.
165 3987 228 4039 Vid.
241 3989 279 4040 ad
289 4005 318 4043 u.
330 3991 354 4043 l.
495 3993 798 4060 iadpropinquassetc.
935 3993 1094 4043 Sisennam
1106 3993 1218 4040 notauit

92 4064 307 4134 Oudendorpt'ru.
435 4070 451 4122 t
463 4067 639 4135 Vargunteius
654 4074 710 4123 ‘uir
722 4069 837 4123 doetur’.
852 4071 896 4120 An
909 4071 1045 4134 Aequitius
1060 4071 1096 4127 (c.
1110 4066 1154 4128 23,
1168 4067 1218 4129 Sl?

202 4145 231 4197 ll
241 4148 411 4213 praeteritum
419 4150 569 4212 Danielum
583 4152 744 4217 praetorium
757 4167 774 4200 a
787 4148 838 4199 eod
850 4148 926 4209 Vra,
936 4146 1111 4212 praeterritns
1126 4145 1149 4208 b,
1161 4160 1219 4212 per·

89 4221 201 4273 territus
215 4222 329 4274 ‘estem
341 4224 373 4275 P.
386 4224 430 4282 27.
582 4227 613 4277 ll
626 4225 693 4276 Vide
708 4227 733 4274 b.
877 4224 909 4274 ts
922 4224 962 4273 his
976 4222 1027 4288 as,
1043 4221 1075 4271 iis
1089 4220 1177 4273 Aldus
1188 4237 1217 4272 aa.

199 4298 344 4370 20Porupei
356 4319 383 4355 a.
486 4305 608 4368 ilgerius
619 4319 636 4353 a
651 4305 665 4353 b
679 4320 703 4366 e,
713 4317 796 4366 genus
810 4301 903 4367 quibus
917 4319 944 4354 u.
955 4302 1095 4353 Lacaenam
1109 4318 1159 4368 ego
1171 4318 1219 4354 no-

91 4379 162 4429 taui.
276 4380 358 4445 mitti]
372 4389 544 4434 exerceretur
556 4397 614 4432 eum
627 4381 644 4433 2
657 4380 725 4430 dett.
739 4379 803 4430 add.
818 4395 845 4429 u.
962 4382 995 4434 23
1009 4381 1090 4434 Gaius
1104 4398 1130 4445 a,
1145 4381 1173 4433 (Ξ.
1188 4397 1218 4432 u.

199 4457 233 4511 24
245 4456 364 4525 confugit
375 4475 392 4510 a
405 4460 430 4523 b,
446 4459 588 4524 transfugit
600 4474 628 4508 u.
744 4459 777 4510 25
791 4473 840 4525 que
853 4474 878 4508 a.
997 4460 1029 4510 20
1044 4458 1122 4509 Fabio
1139 4457 1219 4507 Glun-

91 4533 221 4600 sarpam,
235 4534 317 4587 llabio
329 4552 347 4588 a
359 4536 419 4588 eod.
434 4535 508 4600 Vra,
517 4536 598 4587 Badio
612 4535 636 4585 b.
742 4534 953 4601 altmannno,
969 4552 1026 4587 curm
1041 4533 1171 4584 Trebonio
1186 4533 1217 4595 b,-

89 4614 252 4669 a'l'rabonio
263 4632 292 4669 a.
397 4616 596 4682 translugeraut
607 4629 657 4681 ego
670 4615 779 4665 inclusi.
794 4617 825 4668 Ρ.
838 4618 898 4671 233.
1006 4610 1219 4666 28ltcultatcst

90 4692 155 4745 data
166 4694 215 4761 as
222 4695 238 4746 l
250 4692 322 4747 dell.
334 4690 507 4758 Schneiderr',
521 4698 562 4744 est
575 4690 636 4743 data
649 4688 764 4744 incultas
776 4707 803 4743 u.

1006 4764 1069 4830 as*
