2646 5124
503 569 831 637 ...2394-

92 744 252 808 admodum
275 754 330 807 ant
352 742 383 806 bi
405 752 456 805 aut
476 762 585 805 seruus
601 742 720 806 litteras
737 743 891 827 accepisse
907 742 962 807 dici
980 748 1144 828 potuerint.
1168 750 1230 817 Ita·

94 868 148 931 que
172 845 328 910 ‘solebat’
344 846 449 930 scripsi
465 856 497 910 et
510 845 657 909 iuferiora
672 846 778 909 lacuna
794 845 961 929 significata
977 852 1129 932 separaui.
1161 852 1229 918 Lit-

96 960 177 1014 terae
191 948 348 1026 dicuntur,
365 967 441 1032 quae
455 968 561 1012 seruus
577 948 678 1032 glandi
696 948 905 1031 inscripserat,
923 969 1033 1032 casque
1049 947 1227 1020 Caesariani

94 1052 248 1136 accepisse
264 1050 463 1134 intellegendi
478 1059 559 1126 sunt,
577 1052 630 1115 sed
646 1051 757 1127 uerba,
783 1052 819 1113 ad
841 1071 917 1132 qnae
933 1051 1007 1115 llaec
1022 1056 1223 1137 pertinebant,

92 1153 259 1238 perierunt.
285 1149 417 1217 Seruum
432 1164 532 1217 summ
548 1173 588 1216 ex
596 1152 703 1216 castris
712 1150 846 1236 Pompeii
862 1152 893 1215 in
910 1153 1045 1237 oppidum
1061 1162 1225 1224 reuertisse

91 1276 130 1319 ex
143 1277 173 1320 c.
186 1253 245 1331 2⁰,
263 1251 285 1317 3
301 1255 493 1340 perspicitur,
511 1254 559 1318 ubi
578 1254 650 1318 baec
666 1257 858 1317 referuntur:
879 1253 959 1318 ‘lloc
975 1259 1136 1340 praeterito
1152 1273 1225 1325 tem·

89 1377 161 1441 pore
176 1359 211 1421 iu
227 1357 357 1441 oppido,
375 1358 453 1440 quod
468 1357 523 1421 init
540 1367 675 1440 captum,
693 1378 802 1420 seruus
819 1367 865 1419 est
880 1378 1008 1440 prensus
1023 1360 1055 1424 in
1071 1362 1223 1441 cuniculo,

88 1480 175 1542 mem
200 1478 296 1543 supra
322 1459 590 1524 demonstrauimus
621 1459 771 1522 dominum
797 1459 971 1541 iugulasse:
1006 1463 1033 1526 is
1061 1463 1150 1527 uinus
1179 1475 1226 1529 est
1273 1523 1276 1528 .

88 1562 289 1625 conbustes'.

179 1659 286 1741 (1.21,
302 1663 324 1726 2
340 1659 415 1724 baec
429 1665 461 1724 iu
477 1662 564 1726 codd.
581 1663 694 1747 scripta
708 1673 798 1726 sunt:
825 1662 884 1727 ‘Et
899 1686 936 1729 eo
953 1677 1088 1750 tempore
1104 1668 1225 1733 circiter

90 1763 142 1829 xl
157 1765 272 1850 equites
285 1765 324 1829 ad
340 1774 502 1846 aquatores
518 1776 639 1828 nostros
662 1778 916 1845 excucurrerunt,
944 1769 1106 1833 nonnullos
1128 1771 1223 1835 iuter-

90 1871 239 1945 fecerunt,
255 1869 329 1931 item
344 1867 421 1929 alios
438 1866 525 1929 uiuos
542 1865 750 1930 abduxerunt:
772 1889 788 1931 e
806 1870 912 1950 quibus
925 1871 1004 1955 capti
1019 1882 1092 1935 sunt
1107 1873 1223 1954 equites

89 1968 192 2035 Vlll'.
218 1968 260 2033 ‘E
276 1968 395 2053 quibus’
410 1968 552 2051 scriptum
569 1977 618 2032 est
631 1969 663 2031 iu
676 1966 749 2032 Par.
767 1991 830 2034 sec.
848 1983 878 2035 et
892 1971 980 2036 Leid.
1000 1993 1059 2056 pr.,
1083 1974 1221 2058 idemque

89 2068 298 2136 Schneiderus
323 2091 494 2150 consensu,
521 2081 556 2134 ut
569 2070 719 2148 arbitror,
739 2070 981 2137 Vindobouensis
1003 2075 1090 2158 primi
1113 2078 1221 2142 ductus

88 2176 214 2260 posuit:
236 2184 328 2236 autea
341 2173 485 2238 edebatur
501 2180 556 2237 ‘ex
570 2173 741 2256 equitibus'.
772 2170 849 2236 lllnd
870 2176 907 2237 ad
930 2187 1090 2258 aquatores
1107 2173 1221 2243 Caesa-

91 2277 202 2339 rianos
220 2275 371 2351 refertur,
396 2276 590 2358 similiterque
614 2274 687 2338 baec
711 2274 882 2338 dictasunt
908 2286 997 2358 atque
1020 2277 1049 2339 b.
1067 2278 1162 2342 Alex.
1181 2278 1223 2344 ts

93 2388 180 2440 extr.
207 2375 313 2438 ‘nulti
334 2384 427 2441 tamen
443 2377 537 2441 exiis
553 2377 632 2460 capti
655 2376 865 2458 interfectique
887 2389 976 2454 sunt,
1002 2379 1055 2442 sed
1079 2401 1222 2446 nurnerus

90 2479 280 2563 captiuorum
295 2479 417 2544 omuino¹
430 2480 485 2543 init
500 2479 660 2543 sexcenti'.
685 2476 801 2543 Verum
814 2479 930 2560 equites
939 2478 1153 2564 Pompeianos,
1172 2483 1223 2564 qni

89 2581 252 2646 nonnullos
268 2581 500 2660 iuterfecerunt,
523 2592 591 2645 cocto
607 2581 693 2644 uiuos
709 2579 919 2658 abduxerunt,
944 2584 1046 2664 plnres
1063 2604 1150 2664 quam
1167 2605 1222 2646 nn·

90 2685 184 2747 decim
201 2683 295 2747 luisse
311 2703 438 2748 necesse
453 2695 511 2748 est.
542 2681 649 2766 ltaque
665 2683 800 2766 equidem
816 2704 876 2746 non
898 2684 1031 2748 dubitaui
1049 2682 1122 2749 ‘XL
1140 2686 1222 2767 eqni-

91 2788 285 2869 tes’ponere.

175 2884 214 2951 C.
231 2886 289 2965 22,
307 2886 324 2951 1
342 2888 374 2951 in
388 2887 461 2952 Par.
477 2909 538 2952 sec.
564 2899 595 2951 et
610 2885 697 2950 Leid.
717 2909 761 2970 pr.
787 2887 861 2950 baec
885 2888 997 2972 scripta
1019 2900 1107 2954 sunt:
1135 2888 1221 2956 ‘Hoc

88 2992 251 3075 praeterito
267 3000 404 3074 tempore
418 2992 469 3074 qni
484 2992 515 3054 iu
531 2991 764 3075 oppidoAtogna
774 2987 1024 3056 Bursauonenses
1040 2993 1116 3076 capti
1132 3004 1217 3071 snut,

89 3093 176 3178 legati
192 3092 325 3177 proiecti
339 3103 412 3156 snut
422 3113 488 3156 cnm
506 3093 638 3170 nostris,
665 3092 706 3155 uti
722 3113 785 3154 rem
801 3104 918 3176 gestam
933 3091 1218 3158 Bursauonensibus

88 3196 263 3272 referreut',
285 3194 343 3258 nisi
359 3196 435 3279 qnod
451 3195 480 3258 in
496 3192 569 3258 Par.
587 3215 649 3257 sec.
669 3204 699 3257 et
716 3193 826 3256 ‘codd'
844 3191 923 3258 0nd.
941 3216 995 3278 pro
1012 3195 1155 3280 ‘Ategua'
1174 3196 1219 3258 le·

87 3296 164 3381 gitur
180 3296 358 3361 ‘eruentae
396 3296 496 3361 Antea
512 3296 656 3359 edebatur
673 3293 936 3358 ‘Bursauolenses'
953 3308 984 3360 et
1001 3294 1219 3361 ‘Bursanolem

87 3398 200 3476 sibus',
233 3398 319 3461 cuius
340 3397 469 3461 nominis
491 3399 629 3482 oppidum
650 3399 682 3461 in
705 3396 851 3479 Hispania
874 3416 961 3459 uento
984 3409 1216 3463 commemorat:

88 3497 294 3565 Scbueiderus
309 3500 485 3584 optimorum
501 3501 588 3564 codd.
599 3500 778 3584 scripturam
794 3498 936 3562 restitnit.
960 3497 1074 3562 Verum
1092 3496 1220 3563 ueBur-

89 3621 280 3666 senonenses
306 3603 424 3685 quidem
446 3601 493 3664 bic
510 3603 735 3665 commemorari
760 3612 910 3685 poterant.
951 3598 976 3663 li
997 3601 1095 3679 enim,
1119 3612 1153 3662 ut
1177 3621 1221 3663 ex

88 3701 166 3769 Pliu.
187 3703 262 3767 bist.
279 3714 342 3768 net.
360 3700 417 3781 111,
434 3703 472 3781 3,
489 3703 532 3766 24
547 3714 689 3787 apparet,
712 3705 761 3786 qni
778 3702 1009 3768 Bursaouenses
1024 3702 1169 3787 appellat,
1186 3701 1219 3763 in

87 3803 236 3892 llispauia
252 3806 394 3871 citeriore
409 3805 452 3869 cis
465 3802 586 3869 lberum
603 3805 691 3889 positi
706 3816 810 3883 erant,
827 3827 915 3888 quam
931 3823 1047 3867 omnem
1063 3804 1219 3887 regionem

88 3904 204 3974 Caesar
233 3906 366 3972 tenebat.
404 3904 502 3971 Recte
524 3905 705 3973 Ciacconius
728 3917 759 3970 et
781 3904 983 3988 Glaudorpius
1006 3903 1221 3968 Vrsaoneuscs

86 4011 244 4093 numios
265 4009 428 4087 dixerunt,
460 4030 535 4092 quos
557 4019 664 4073 auctor
685 4009 747 4072 lui.
772 4009 824 4072 lib.
843 4006 942 4071 c.2b.
959 4005 1013 4068 11.
1030 4004 1093 4083 28,
1119 4005 1168 4067 nbi
1187 4005 1220 4066 in

86 4113 170 4177 codd.
189 4110 305 4196 legitur
321 4108 601 4176 ‘Versaoueusium
611 4111 633 4190 ’,
658 4120 872 4175 commemorat
887 4119 917 4171 et
932 4107 961 4169 iu
978 4107 1112 4190 partibus
1128 4103 1221 4170 Pom-

86 4215 141 4298 peii
157 4212 254 4277 luisse
270 4212 420 4277 ostendite
437 4212 574 4297 idemque
589 4213 725 4297 oppidum
738 4211 857 4276 Plinius
873 4229 989 4292 quoqne
1004 4208 1074 4272 bist.
1088 4216 1149 4270 nat.
1160 4201 1218 4279 111,

86 4314 118 4395 1,
135 4314 179 4379 12
193 4326 226 4379 et
242 4312 355 4379 Strabo
370 4312 418 4379 111
432 4337 463 4400 p.
480 4313 546 4381 2118
559 4316 642 4379 Alm.
660 4315 691 4378 iu
713 4315 768 4380 hac
782 4311 906 4398 regione
924 4309 1077 4374 ulterioris
1088 4306 1221 4392 proniu-

86 4418 164 4497 ciae,
179 4416 233 4482 nbi
248 4416 357 4482 bellum
374 4416 554 4503 gerebatur,
578 4418 709 4503 positum
725 4417 818 4481 luisse
833 4416 1052 4479 demonstrant.
1091 4405 1160 4489 Ego
1176 4415 1222 4466 ta-

85 4542 155 4585 men
170 4519 410 4587 Vrssuoneuses
424 4520 544 4604 scripsi,
561 4540 629 4584 cnm
643 4517 738 4597 Vrso‚
755 4516 870 4594 Vrsao,
887 4514 1010 4581 Vrsauo
1026 4527 1122 4590 aeque
1136 4512 1222 4567 recte

84 4623 244 4700 dicantur,
267 4623 341 4687 item
362 4633 396 4687 ut
410 4620 516 4708 Vrpuo
536 4632 568 4688 ct
581 4620 835 4704 Vrganonenses,
863 4616 1012 4683 Refertur
1025 4612 1130 4696 igitur,
1155 4623 1223 4667 oum
