2646 5124
503 581 647 652 GAPVT
663 576 813 651 {tr-18.
1154 646 1158 655 ,
1247 589 1312 658 m

129 770 175 825 tot
186 759 317 844 impetus
332 765 554 833 sustentantes,
580 756 735 821 nocturnis
750 756 923 841 diurnisque
944 757 1126 843 temporibus
1140 762 1255 846 gladio·

128 884 196 927 rum
211 861 290 925 ictus
306 858 491 942 telorumque
507 859 616 923 missus
630 864 843 944 expectantes,
859 859 959 924 relicti
973 871 1006 924 et
1014 861 1128 926 deserti
1139 861 1255 928 aPom-

129 965 210 1051 peio,
229 974 281 1027 tua
295 962 408 1026 uirtute
423 961 558 1046 superati
572 961 699 1025 salutem
714 982 731 1024 a
749 972 799 1026 tua
815 963 974 1027 clementia
989 964 1188 1048 deposcimus,
1205 967 1291 1050 pel

131 1069 240 1144 timus,
257 1075 291 1128 ut
304 1064 420 1148 quale·
439 1109 557 1127 ......
574 1063 714 1148 gentibus
729 1085 777 1129 me
792 1065 939 1149 praestiti,
956 1066 1083 1131 similem
1099 1067 1130 1130 in
1145 1066 1255 1132 ciuium

95 1186 111 1235 5
134 1169 283 1235 deditione
306 1165 476 1251 praestabo.
522 1165 671 1232 Remissis
694 1167 801 1251 legatis
821 1189 888 1231 cum
909 1168 946 1232 ad
969 1179 1085 1255 portam
1101 1168 1256 1235 uenissent
1268 1168 1313 1241 18

129 1269 343 1357 †'l'i.'l'ullius
359 1280 472 1334 etcum
487 1266 901 1335 introeuntemC.Autouius
915 1271 1070 1335 insecutus
1086 1293 1146 1335 uou
1160 1284 1254 1352 esset,

128 1373 257 1438 reuertit
280 1372 317 1435 ad
331 1374 452 1456 {portem
476 1382 508 1436 et
523 1372 671 1437 hominem
686 1373 893 1456 adprehendit.
925 1369 1012 1455 Quod
1028 1371 1170 1439 Tiberius
1186 1374 1289 1441 cumi

130 1477 197 1540 lieri
212 1474 434 1552 animaduertit,
451 1474 541 1538 simul
556 1475 715 1559 pugionem
731 1475 836 1538 eduxit
858 1485 888 1538 et
909 1497 1029 1545 manum
1051 1476 1126 1541 eius'
1138 1477 1255 1541 incidit.

132 1576 179 1641 lta
194 1579 371 1662 relegerunt
391 1577 429 1641 ad
443 1572 620 1642 Caesarem.
652 1574 826 1660 Eodemque
852 1587 984 1663 tempore
1007 1580 1134 1664 signifer
1155 1579 1192 1644 de
1213 1578 1292 1644 tet

75 1693 109 1744 to
132 1681 222 1766 gioue
246 1678 344 1762 prima
366 1681 527 1762 transfugit
550 1691 582 1759 pt
605 1679 772 1757 nuntiauit,
796 1701 853 1762 quo
880 1681 927 1745 die
949 1692 1089 1765 equestre
1111 1681 1256 1765 proelium

134 1785 244 1846 lactum
260 1792 353 1859 esset,
369 1802 426 1846 suo
436 1782 524 1867 signo
536 1782 651 1867 perisse
663 1781 798 1846 homines
806 1793 920 1861 xxxv,
937 1803 1035 1866 neque
1046 1783 1138 1847 licere
1146 1784 1256 1848 castris

133 1880 193 1949 Cn.
210 1882 336 1967 Pompei
361 1884 502 1949 nuntiare
523 1904 623 1967 neque
646 1883 746 1948 dicere
769 1886 883 1968 perisse
906 1906 1091 1969 quemquam.
1125 1882 1291 1963 Seruos‚4

131 1987 217 2050 cuius
232 1987 371 2050 domiuus
386 1986 418 2051 ic
434 1983 578 2051 Caesaris
593 1988 702 2050 castris
717 1987 827 2050 fuisset
848 1989 990 2069 (uxorem
1012 1998 1044 2051 et
1058 1988 1135 2053 fllios
1157 1989 1187 2052 iu
1203 2010 1257 2073 op-

132 2088 199 2171 pido
215 2087 413 2171 reliquerat),
439 2088 591 2152 dominum
613 2088 759 2172 iugulauit
780 2100 811 2152 et
831 2088 873 2153 ita
887 2091 963 2153 clam
979 2111 997 2153 a
1013 2087 1155 2155 Caesaris
1170 2111 1257 2176 prae-

79 2201 110 2253 tt
132 2190 219 2254 sidiis
234 2191 265 2253 iu
280 2186 418 2274 Pompeii
431 2201 533 2255 castra
546 2192 688 2256 discessit
701 2202 733 2255 et
742 2191 882 2254 iudicium
891 2191 999 2276 glande
1009 2193 1151 2277 scriptum
1162 2192 1256 2271 misit,

131 2312 186 2375 per
208 2292 285 2374 quod
308 2294 421 2356 certior
441 2294 529 2357 lieret
543 2291 677 2372 Caesar,
702 2314 777 2375 quae
799 2294 830 2356 in
852 2294 959 2377 oppido
982 2294 1019 2357 ad
1043 2294 1257 2358 defendendum

133 2405 390 2476 temperarentur.
423 2393 469 2459 lta
484 2396 593 2460 litteris
609 2397 759 2479 deceptis,
784 2417 850 2458 cum
866 2397 897 2458 iu
913 2395 1048 2479 oppidum
1065 2395 1256 2473 reuertisset,
1273 2394 1294 2460 5

133 2494 186 2577 qui
201 2495 321 2560 mittero
335 2496 473 2579 glandem
488 2497 661 2582 inscriptam
678 2499 794 2563 solebat
811 2542 961 2560 ......
992 2492 1168 2578 Insequenti
1184 2506 1258 2560 tem-
1313 2538 1317 2550 ·

133 2617 208 2681 pore
222 2597 280 2661 duo
294 2595 436 2665 Lusitani
453 2601 564 2664 lrctres
580 2603 755 2686 transfugae
777 2598 972 2677 nuntiarunt,
996 2619 1084 2682 quam
1098 2593 1259 2682 Pompeius

76 2710 113 2763 tt
134 2700 303 2765 contionem
319 2701 492 2767 habuisset:
516 2703 657 2786 quoniam
673 2704 779 2788 oppido
795 2702 928 2767 subsidio
943 2722 1005 2763 non
1020 2709 1123 2784 posset
1138 2700 1256 2779 uenire,

133 2813 224 2865 nocto
238 2824 279 2867 ex
293 2805 535 2869 aduersariorum
552 2817 714 2890 conspectu
729 2829 763 2871 se
779 2808 963 2870 deducerent
976 2802 1013 2866 od
1023 2822 1105 2866 mare
1117 2820 1257 2882 uersump
1313 2808 1317 2879 ξ

137 2924 227 2967 unum
243 2906 455 2989 respondisse,
481 2919 514 2971 ut
529 2909 628 2993 potius
643 2908 683 2973 ad
697 2910 894 2977 dimicandum
910 2905 1145 2984 descenderent,
1169 2925 1260 2988 quam

133 3004 357 3092 siguumfugae
371 3012 585 3090 ostendereut3
609 3033 690 3091 eum,
707 3013 757 3096 qui
779 3013 820 3076 ita
836 3013 956 3076 locutus
971 3018 1064 3086 esset,
1081 3007 1257 3090 iugulatum.

133 3104 248 3172 Eodem
265 3120 400 3195 temporo
414 3111 562 3178 tabellirii
576 3114 643 3178 eius
658 3115 854 3200 deprehensi,
879 3113 929 3197 qui
950 3111 987 3174 ad
1002 3110 1138 3194 oppidum
1156 3107 1296 3174 nocie-li

74 3220 110 3275 tt
132 3209 223 3290 hante
248 3234 374 3296 quorum
390 3214 506 3281 litteras
522 3214 637 3282 Caesar
659 3219 812 3302 oppidanis
834 3215 941 3280 abiecit
965 3211 1067 3293 etqui
1090 3211 1180 3273 uitam
1204 3211 1260 3274 sibi

134 3325 251 3398 peteret
257 3316 347 3380 iussit
358 3326 469 3383 turrem
482 3319 611 3404 ligneam
621 3321 836 3405 oppidanorum
850 3315 1028 3391 incendere3
1045 3312 1074 3374 id
1089 3312 1114 3375 si
1124 3310 1258 3392 lecisset,
1273 3312 1295 3376 7

135 3416 163 3479 ci
180 3418 317 3500 promisit
330 3420 431 3487 omnia
445 3443 673 3487 concessurum.
706 3421 794 3504 Quod
809 3418 926 3485 difficile
941 3426 1008 3480 eret
1022 3416 1123 3491 laetu,
1145 3424 1180 3476 ut
1193 3434 1260 3477 eam

135 3527 250 3584 turrem
272 3521 339 3586 sine
354 3524 488 3607 periculo
511 3525 577 3609 quis
598 3527 785 3589 incenderet.
817 3521 863 3587 lta
877 3524 900 3605 †
915 3523 984 3583 func
1009 3538 1099 3582 crure
1121 3516 1157 3581 de
1178 3512 1297 3601 liguo8

243 3660 425 3727 ltcmporiltus
438 3677 497 3729 ogo,
513 3664 635 3730 operibus
649 3664 727 3715 codd.
833 3663 1027 3727 terpestaotes
1039 3672 1066 3707 ιι.
1172 3653 1261 3703 relicti

133 3750 192 3802 ago,
207 3737 271 3788 uicti
284 3739 362 3791 codd.
468 3741 669 3808 spatiumne,
679 3744 842 3809 petimusque
855 3756 883 3789 ιι.
990 3737 1261 3798 llocuacomogono-

133 3816 204 3862 toni.
317 3816 422 3883 prestiti
435 3832 463 3866 ιι.
575 3815 1063 3878 5ueoisseutcldctt.,uenissetu.
1170 3809 1260 3861 ti'l'ib.

133 3889 209 3953 (alu.
219 3893 250 3944 P.
259 3894 321 3946 238.
428 3902 455 3945 ct
466 3909 523 3944 cum
537 3911 554 3944 o
568 3897 593 3960 d,
603 3904 630 3947 et
642 3911 699 3947 cum
713 3912 771 3948 eum
784 3912 812 3945 ιι.
918 3891 1113 3958 ludprehendit
1124 3906 1151 3940 a.

132 3966 310 4018 sceorstan.
414 3978 548 4022 ctom.o.
655 3974 769 4024 lleodern
783 3974 808 4022 t.
917 3967 1195 4030 ltlcuntiaoitAldus,
1212 3985 1260 4018 non

135 4045 222 4095 timuit
233 4062 251 4097 c
263 4048 287 4098 1.
393 4050 424 4100 tt
432 4049 538 4117 Pompei
551 4068 578 4100 ιι.
685 4053 807 4102 nuuticrc
821 4063 904 4115 neque
918 4046 1006 4095 dicere
1019 4059 1036 4092 o
1048 4045 1072 4106 1,
1087 4043 1202 4092 nuntiari
1216 4060 1261 4093 ue·

134 4137 185 4188 que
199 4123 252 4172 dici
264 4138 293 4173 ιι.
402 4142 502 4178 ‚seruos
516 4144 533 4178 ιι
548 4129 573 4178 1.
685 4128 716 4179 13
730 4127 841 4176 dominis
854 4140 880 4174 c.
991 4134 1096 4170 uxorem
1111 4123 1184 4169 ‘mun
1200 4119 1224 4170 t'
1236 4125 1263 4171 et

134 4199 325 4266 Schneider-ur,
341 4218 498 4272 uxoremque
510 4205 550 4270 (ιι)
563 4221 590 4255 ιι.
703 4205 772 4255 lilios
786 4220 802 4252 c
817 4204 832 4251 1
845 4217 868 4264 c,
883 4199 964 4249 lilium
977 4213 1004 4246 ιι.
1111 4198 1232 4266 oppidum
1245 4216 1263 4251 o

134 4276 160 4327 d.
286 4281 319 4332 ll
331 4280 491 4333 domicilium
505 4281 530 4331 1.
651 4279 682 4331 ll
696 4279 852 4331 reuertisset
864 4292 880 4326 c
894 4275 910 4326 d
922 4272 1008 4347 dett.,·
1022 4274 1195 4326 reuertissent
1207 4293 1221 4326 c
1233 4294 1260 4340 ιι,

134 4357 236 4407 reuersi
249 4366 339 4409 essent
352 4357 414 4423 (d)i
541 4359 571 4410 l8
585 4357 689 4409 solebat
700 4371 759 4423 ego,
775 4355 895 4406 solebant
907 4350 985 4401 codd.
999 4350 1140 4402 Lacunam
1153 4367 1202 4419 ogo
1216 4369 1263 4403 no·

134 4437 203 4484 tani.
218 4435 249 4486 P.
259 4436 321 4488 218.
429 4436 461 4488 li
470 4435 624 4486 nuntiarunt
637 4433 848 4501 quaol‘ompeius
861 4448 887 4496 o,
903 4428 1107 4497 nuntiaruntque
1115 4428 1263 4495 Pompeium

135 4512 160 4561 1.
266 4513 301 4564 20
308 4513 459 4564 concionem
473 4515 521 4578 (ιι).
628 4511 750 4563 habuisse
763 4513 813 4563 ιι1.
919 4507 1058 4562 arcticon
1069 4524 1085 4558 o
1095 4506 1119 4570 1,
1131 4506 1261 4557 obiecitu.

242 4589 276 4643 21
289 4597 411 4657 peterent
423 4590 448 4640 1.
557 4589 685 4641 iecissent
696 4589 736 4640 cis
751 4590 776 4639 1.
880 4586 913 4638 st
927 4585 1046 4654 promisit
1058 4600 1075 4633 a
1087 4583 1113 4648 t,
1126 4596 1155 4632 se
1168 4584 1263 4648 promi-

135 4665 170 4716 sit
183 4682 211 4717 ιι.
315 4669 351 4723 28
365 4667 427 4720 lunc
438 4682 515 4721 crore
527 4684 545 4719 o
558 4669 573 4719 1
586 4685 609 4734 c,
624 4667 743 4721 facturus
756 4683 783 4720 ιι.
