2646 5124
474 106 612 175 donn.
633 108 690 176 Vll
707 108 800 175 CAP.
819 110 871 176 78.
1232 114 1295 177 453

109 304 168 367 qne
183 283 216 346 in
232 302 322 364 opere
340 293 511 345 uersantur.
539 280 616 362 Quid
633 303 705 365 ergo
722 284 778 345 mei
796 283 912 345 consilii
929 286 994 345 est?
1011 282 1139 363 Favere,
1158 287 1235 368 quod
1254 284 1292 347 tc

109 385 208 450 nostri
223 385 354 449 maiores
370 405 558 468 nequaquam
574 384 636 467 pari
652 384 730 448 bello
747 380 937 449 Cimbrorum
945 383 1175 469 Teutonumque
1191 389 1233 451 ie-

109 499 238 568 cerunts
259 487 310 571 qui
325 488 357 551 in
372 487 479 572 oppida
494 485 627 571 conpulsi
644 507 679 550 ao
694 487 785 551 simili
800 488 902 573 inopia
918 488 1032 553 subacti
1047 510 1150 555 eornm
1166 511 1235 553 cor-

108 590 245 676 poribus,
254 590 313 675 qui
328 601 429 655 aetate
443 589 480 655 ud
496 589 603 655 bellum
619 589 740 655 inutiles
758 591 954 668 uidebantur,
977 591 1069 656 uitam
1084 592 1234 658 tolersue-

83 702 182 759 trmrt
197 712 295 777 neque
309 713 344 757 so
365 692 501 757 hostibus
523 692 722 757 tradiderunt.
756 690 850 757 Cuius
872 693 915 756 rei
938 693 964 757 si
987 694 1154 778 exemplum
1174 718 1235 761 nou
1251 694 1293 760 tc

109 796 303 874 haberemus,
320 806 419 861 umen
434 795 582 861 libertatis
590 816 682 859 causa
697 796 813 859 institui
824 808 854 859 et
867 797 997 880 posteris
1007 796 1090 879 prodi
1100 797 1234 881 puleber·

110 900 219 963 riarum
240 897 415 963 iudicarem.
453 896 535 962 Nam
557 897 626 981 quid
648 896 692 961 illi
714 898 811 962 simile
832 898 911 964 bello
934 898 1013 963 tuitt
1048 897 1234 984 Depopulata
1251 900 1292 965 11

110 998 211 1066 Callia
226 996 343 1065 Cimbri
358 1022 523 1086 magnaque
544 1001 639 1065 inlata
660 1002 829 1065 calamitate
850 1001 958 1066 finibus
981 1002 1098 1085 quidem
1122 1004 1236 1069 nocuis

109 1104 271 1189 aliqnando
294 1114 495 1168 excesserunt
514 1115 605 1189 atque
619 1104 696 1167 alias
712 1115 809 1169 terras
824 1105 992 1188 petierunt,
1020 1105 1107 1183 iura,
1131 1104 1233 1190 leges,

65 1214 91 1271 to
109 1227 219 1291 agros,
243 1206 413 1271 libertatem
437 1206 524 1273 nobis
547 1208 743 1292 reliquerunt.
789 1205 920 1299 Romani
942 1227 1015 1271 uero
1038 1206 1109 1291 quid
1131 1219 1236 1293 petunt
1251 1207 1291 1272 to

109 1309 190 1375 aliud
206 1320 260 1374 aut
274 1310 344 1394 quid
359 1310 482 1388 nolunt,
499 1310 558 1375 nisi
573 1311 684 1376 inuidia
700 1310 838 1388 adducti,
864 1331 939 1394 quos
954 1312 1035 1374 lama
1050 1310 1166 1376 nobiles
1181 1332 1235 1397 po·

111 1422 272 1496 tcntcsque
287 1412 365 1477 bello
381 1424 606 1498 cognouerunt‚
623 1413 727 1478 borum
743 1414 774 1478 in
790 1414 873 1497 agris
888 1412 1119 1497 ciuitatibusque
1135 1414 1234 1479 consi-

108 1514 181 1581 ders
196 1526 288 1599 atque
310 1516 357 1580 bis
378 1526 532 1580 aeternam
555 1517 710 1602 iniungere
725 1516 923 1581 seruitutem?
937 1514 1048 1601 Neque
1070 1517 1150 1583 euim
1172 1517 1231 1582 ulla

110 1616 170 1681 slis
185 1617 365 1682 condicione
385 1617 462 1683 bella
483 1631 653 1703 gesserunt.
685 1617 773 1701 Quod
788 1619 815 1682 si
831 1640 885 1698 ea,
910 1640 987 1702 quae
1008 1619 1040 1683 in
1061 1619 1232 1705 longinquis
1251 1617 1290 1681 ttt

70 1734 87 1783 ts
110 1719 284 1785 nationibus
298 1731 455 1805 geruntur,
472 1722 640 1805 ignoratis,
657 1722 800 1805 respicite
815 1721 967 1783 finitimam
984 1718 1131 1799 Galliam,
1156 1744 1232 1806 quae

110 1824 145 1887 in
161 1822 345 1907 prouinciam
368 1824 491 1888 redacta
514 1824 580 1887 iure
602 1833 631 1886 ct
655 1823 770 1908 legibus
787 1822 975 1885 commutatis
991 1823 1147 1889 securibus
1161 1825 1232 1889 sub·

114 1924 196 1989 iectu
212 1934 350 2009 perpetua
367 1926 511 2010 premitur
534 1926 700 1989 seruitute'.
739 1922 905 1989 Sententiis
926 1925 1013 1988 dictis
1035 1926 1233 2006 constituunt,
1245 1928 1291 1997 78

112 2037 149 2091 ιιι
163 2026 198 2106 ii,
217 2026 267 2111 qui
282 2028 447 2093 ualetudine
464 2039 517 2091 aut
531 2026 937 2107 aetateinutilessuntbcllo,
955 2028 1062 2113 oppido
1071 2029 1231 2107 excedant,

109 2141 202 2213 atque
218 2130 317 2195 omnin
333 2131 414 2215 prius
430 2132 636 2215 experiantur,
654 2151 740 2213 qnam
757 2130 795 2195 ad
810 2126 983 2214 Critognati
998 2130 1234 2195 sentcntiamde-

65 2244 88 2297 u
109 2233 275 2299 scendunt:
303 2232 355 2297 illo
378 2243 477 2297 tamen
494 2233 591 2317 potius
607 2233 747 2297 utendum
764 2234 911 2313 oonsilio,
936 2234 961 2297 si
977 2254 1028 2297 res
1043 2244 1131 2318 cogat
1146 2232 1271 2317 atquae

110 2336 225 2401 auxilia
240 2345 408 2415 morentur,
426 2356 512 2419 quam
528 2346 581 2399 ant
595 2336 754 2400 deditionis
769 2347 821 2399 aut
835 2337 917 2420 pacis
933 2336 1115 2400 subeundam
1134 2337 1234 2403 condi-

110 2437 239 2503 cionem.
272 2436 448 2516 Mandubii,
466 2439 517 2520 qui
533 2459 585 2502 eos
602 2440 708 2525 oppido
722 2450 918 2524 receperant,
943 2461 1009 2504 cum
1025 2440 1128 2506 liberis
1143 2442 1269 2526 atqued

109 2532 260 2597 uxoribus
275 2532 362 2597 exire
378 2543 536 2617 coguntur.
569 2530 621 2610 tit,
639 2556 705 2597 oum
721 2533 757 2596 ad
774 2534 954 2598 munitiones
962 2532 1166 2601 Romanorum
1182 2558 1232 2601 ac·
1248 2534 1269 2597 4

110 2627 289 2705 cessissent,
307 2627 413 2691 dentes
429 2628 565 2691 omnibus
581 2628 718 2711 precibus
734 2628 877 2707 orabant,
900 2643 934 2693 ut
956 2652 990 2695 se
1005 2632 1036 2695 in
1052 2635 1230 2698 seruitutem

65 2734 87 2787 n
107 2732 250 2807 receptos
272 2722 339 2786 cibo
361 2724 513 2787 inuarent.
556 2723 599 2788 Αι
616 2721 733 2790 Caesar
748 2724 900 2809 dispositis
915 2728 946 2790 in
962 2728 1042 2791 uallo
1058 2730 1232 2795 custodibus
1248 2728 1268 2793 5

109 2817 204 2903 recipi
220 2817 407 2903 probibebat.

221 2960 408 3013 lestcousilii
422 2963 447 3013 b.
584 2962 798 3028 inostri]mns.
808 2978 853 3029 pr.
869 2963 903 3013 B.
1042 2960 1189 3029 decapulsi
1203 2962 1233 3013 B.
1282 2992 1286 2999 ·

221 3038 238 3089 1
251 3038 283 3087 ud
296 3038 393 3090 bellum
406 3039 513 3090 inutiles
527 3039 550 3089 B
563 3038 622 3089 add.
638 3044 701 3089 ants
713 3039 796 3104 Ant,
819 3039 926 3090 inutiles
946 3037 977 3089 ad
996 3038 1093 3088 bellum
1105 3038 1193 3090 Aldus
1206 3058 1233 3091 u.

221 3116 296 3169 'tttte
308 3134 345 3170 nr.
358 3134 402 3184 pr.
416 3118 449 3169 Β.
543 3119 656 3171 dictata
668 3117 701 3168 B.
806 3119 909 3186 quidem
921 3114 1127 3183 A(B)CDbo,
1141 3133 1195 3170 orn.
1208 3136 1231 3170 e.

222 3196 238 3249 9
253 3204 419 3249 recesserunt
430 3198 465 3249 A.
587 3198 737 3265 petiuerunt
753 3198 800 3250 be.
933 3198 964 3250 ld
977 3196 1125 3248 libertatem
1138 3215 1190 3249 om.
1207 3201 1232 3252 b.

223 3272 254 3327 13
267 3275 321 3326 ulla
339 3274 391 3326 alic
404 3275 427 3325 B
439 3274 499 3326 add.
514 3279 578 3324 ento
590 3274 654 3325 Atat.
673 3279 701 3323 et
718 3278 776 3325 sine
794 3275 876 3327 dubio
896 3275 1035 3341 ‘rslr'qus'’‚
1056 3279 1085 3329 ιιι
1098 3278 1194 3341 quibus
1207 3285 1235 3330 et

111 3349 189 3401 ‘adab
205 3349 266 3417 pp?
280 3350 348 3402 Oud.
363 3366 482 3417 umquam
502 3351 555 3401 ulls
568 3352 625 3415 legi
635 3356 749 3415 narrat,
769 3366 887 3419 umquam
907 3352 961 3404 ulia
978 3353 1070 3404 beda.
1093 3354 1234 3422 Coniungs

109 3426 166 3480 atta
176 3427 257 3479 bella.
407 3429 440 3483 tt
452 3428 600 3479 conditione
612 3426 671 3494 (Β).
828 3431 859 3482 li
871 3431 970 3498 respice
984 3446 1019 3480 m.
1032 3447 1076 3495 pr.
1092 3432 1123 3482 Β.

111 3507 144 3560 ld
157 3507 351 3559 communitatis
363 3506 390 3557 d.
542 3505 573 3557 11
586 3505 730 3575 praemitur
741 3508 773 3558 B.
927 3510 957 3563 18
972 3517 999 3559 ut
1014 3510 1038 3559 bi
1053 3510 1075 3560 Β
1088 3516 1113 3560 ot
1125 3516 1165 3561 sic
1180 3515 1236 3563 ‘uel

108 3592 140 3637 ιι
151 3584 171 3635 tt
184 3600 249 3635 rurs.
266 3584 321 3647 ld',
335 3591 364 3634 ut
376 3599 424 3633 eu.
572 3582 724 3634 ualetudine
737 3583 770 3647 B,
786 3585 929 3636 ualitudine
942 3602 957 3635 o
971 3588 1120 3652 ‘messere
1132 3589 1232 3639 orrrnss'

110 3668 138 3715 st
149 3678 205 3714 acc.
219 3678 257 3713 m.
270 3663 304 3713 B.
473 3662 527 3713 sint
538 3678 562 3712 s.
719 3661 750 3716 11
768 3664 937 3730 experiantur
948 3682 978 3727 s,
993 3668 1166 3733 expediantur
1178 3671 1234 3720 AB

112 3742 180 3794 ΒΒ.
302 3741 334 3791 ad
349 3739 495 3805 Critognati
508 3741 665 3792 seutentiam
679 3741 840 3794 descendant
851 3744 955 3805 Alaun
969 3743 1001 3794 ab
1016 3746 1162 3809 Critognati
1176 3763 1235 3798 son-

108 3820 196 3873 ιιιιιίι
208 3819 348 3871 discedant
365 3818 440 3871 codd.
449 3858 458 3883 ,
481 3823 537 3870 nisi
555 3818 629 3885 quod
639 3819 829 3887 abssntoqnati
841 3823 881 3887 Β,
902 3823 1040 3874 discedunt
1058 3828 1189 3879 sententia
1209 3844 1233 3879 a.

219 3898 254 3950 11]
267 3898 313 3949 iilo
325 3904 411 3949 umen
425 3898 510 3965 potins
524 3897 564 3950 ed
576 3902 616 3962 ιι,
632 3902 682 3964 qai
692 3900 782 3966 prius,
803 3916 833 3964 s,-
855 3901 900 3953 illo
920 3910 1004 3954 tamea
1020 3911 1135 3972 tenpore
1148 3908 1234 3974 potius

110 3973 221 4039 reliqui.
337 3975 433 4026 utendo
448 3975 471 4025 b.
596 3977 626 4027 ut
643 3976 722 4028 ausis
733 3976 767 4027 B.
889 3994 964 4046 quam
977 3987 1023 4030 ιιι
1036 3982 1176 4034 deditionis
1189 3984 1235 4046 (B)

112 4047 475 4119 ‘nss.’,qamdsditioniss.
581 4052 821 4119 conditioncmffl).
926 4058 959 4109 13
968 4057 1201 4111 llomunoruurosn.
1210 4078 1234 4111 e.

220 4128 255 4181 nt
267 4128 407 4195 praecibus
415 4128 447 4178 Β.
553 4129 664 4182 orabant
677 4130 775 4195 boda,
785 4139 861 4182 orant
872 4132 897 4183 Β
911 4131 1045 4200 ’νιιιῃιιιῖ
1151 4138 1236 4191 tiou-

111 4205 234 4257 autibus
247 4206 272 4259 Β
285 4205 419 4272 ‘reliqui',
433 4204 560 4258 custodiis
573 4205 639 4257 eds.
