2646 5124
504 107 825 172 —133-

119 282 240 366 attingere
263 300 323 343 nou
347 281 452 359 licere,
478 280 555 343 idem
579 282 615 345 de
637 303 701 367 rep.
726 282 768 362 ll,
803 284 850 364 13,
874 285 914 349 25
931 309 995 351 eam
1013 290 1070 352 iam
1086 291 1217 355 Numam

39 446 42 453 ,
110 404 190 471 regem
205 387 242 449 tle
258 385 386 467 imperio
402 405 457 447 suo
474 384 590 448 tulisse.
628 381 807 451 Incredibile
827 400 875 452 est
889 390 982 473 igitur
997 389 1124 458 Caesari
1142 396 1220 459 lianc

104 509 163 567 ren,
179 509 258 573 quae
274 487 493 571 antiquissimis
509 487 689 571 reipublicae
704 490 851 555 institutis
866 493 1085 573 contineretur,
1102 498 1220 581 superi-

97 592 187 657 orilus
203 591 295 656 anuis
311 590 462 655 accidisse
478 590 573 653 uisam
590 610 669 654 esse.
701 589 851 676 Magister
865 594 914 657 liic
928 604 959 657 et
972 596 1172 679 ignorantiam
1188 610 1220 661 et

93 696 221 760 resilere
237 694 313 758 ittut
330 715 417 757 snum
431 693 548 757 retulit.
572 690 636 755 lum
652 716 678 755 c.
697 693 718 756 7
734 695 817 778 plura
834 696 965 760 eiusdem
982 700 1102 782 generis
1111 700 1217 784 ‹lepre-

91 798 253 863 leodimus.
280 794 416 859 Primum
432 796 464 857 iu
474 794 575 859 uerbis
592 795 652 879 §.3
670 795 803 860 ‘Nouum
814 798 843 859 in
852 799 1002 882 republica
1019 800 1217 866 introductum

89 903 256 985 exemplum
272 902 424 985 queritur,
440 909 476 962 ut
490 899 647 962 tribunicia
663 900 843 964 intercessio
859 901 952 964 armis
962 911 1120 966 notaretur
1130 914 1219 982 atque

87 1006 321 1090 opprimeretur,
344 1022 421 1085 quae
436 999 641 1085 superioribus
656 1003 745 1065 annis
760 1003 852 1065 armis
876 1014 958 1067 esset
980 1005 1141 1068 restituta'.
1174 1003 1226 1069 lle·

87 1108 244 1172 tribunicia
261 1114 417 1191 potestate
434 1100 546 1167 aSulla
562 1103 716 1169 debilitata
730 1105 837 1187 reliqui
847 1107 1011 1190 scriptores
1019 1128 1122 1193 parum
1131 1129 1220 1172 accu-

86 1222 148 1275 rste
162 1210 372 1284 tradiderunt,
399 1218 441 1281 ut,
460 1206 529 1290 quicl
545 1206 671 1269 tribunis
687 1208 868 1291 ademptum,
887 1209 956 1295 qnid
971 1210 1107 1273 relictum
1123 1219 1217 1289 esset,

88 1334 144 1378 nou
159 1314 336 1377 delinirent:
354 1312 386 1375 in
403 1306 665 1395 epitomeLiuieui
680 1310 750 1373 libri
759 1306 936 1373 LXXXIX
951 1333 1040 1376 omne
1055 1312 1103 1375 ius
1118 1312 1217 1397 legum

89 1417 278 1480 lemudsrum
293 1424 433 1497 ereptum
448 1432 516 1476 esse
532 1414 674 1476 retertur.
700 1407 762 1477 Setl
777 1414 1024 1478 intercessionem
1038 1416 1218 1498 quoqueim·

89 1520 229 1584 uiuutsm
253 1536 325 1581 esse
340 1536 358 1579 a
374 1511 525 1579 Cicerone
539 1514 703 1600 significari
718 1517 861 1595 creditur,
885 1517 935 1601 qni
950 1518 982 1581 in
996 1516 1089 1581 Verr.
1109 1515 1136 1594 I,
1159 1515 1214 1596 lit),

87 1622 146 1687 155
161 1624 207 1686 ita
222 1620 342 1683 scribite
366 1618 472 1703 ‘petita
489 1618 581 1682 multa
598 1629 645 1682 est
659 1619 737 1704 apud
752 1619 841 1681 istum
857 1630 1024 1703 praetorem
1045 1642 1063 1685 a
1083 1617 1125 1702 Q.
1143 1617 1217 1705 (lpi-

88 1726 160 1801 nio,
176 1724 231 1806 qui
246 1722 391 1785 sltluetus
406 1731 455 1784 est
468 1721 499 1784 in
516 1720 656 1784 iudicium
670 1721 775 1799 uerbo,
793 1720 883 1805 quod,
900 1744 965 1785 cum
982 1733 1065 1787 esset
1079 1723 1217 1786 tribunus

89 1826 201 1911 plebis,
217 1824 439 1888 intercessisset
456 1824 666 1909 coutralegem
676 1819 863 1902 Corneliam,
881 1842 913 1886 re
930 1845 1014 1903 nera,
1032 1823 1109 1907 quotl
1123 1825 1217 1888 iutri-

89 1928 204 1993 luuatu
227 1925 353 1989 elisisset
371 1936 480 1989 contra
501 1928 628 1992 alieuius
650 1926 777 1990 hominis
801 1926 910 1989 nobilis
933 1926 1139 1991 uoluntatem'.
1169 1924 1217 1991 lte

88 2050 144 2113 quo
157 2030 241 2105 loco,
265 2048 333 2091 cum
348 2038 413 2091 tota
427 2050 477 2093 res
492 2029 620 2095 obscura
636 2030 687 2106 sit,
713 2028 786 2093 nihil
806 2031 958 2093 allrrmare
975 2029 1084 2093 ausim.
1122 2027 1215 2108 Nam,

88 2144 151 2197 utut
166 2132 243 2196 haec
258 2152 310 2195 res
332 2152 366 2195 sc
386 2132 500 2211 habuit,
525 2130 643 2197 Caesar
664 2143 746 2196 certe
769 2132 974 2196 intercedendi
998 2142 1176 2217 potestatem
1199 2152 1217 2195 a

88 2232 168 2301 Sulla
182 2236 377 2299 imminutam
391 2256 461 2299 esse
475 2246 577 2320 aperte
593 2245 694 2319 negat,
712 2236 818 2319 quippe
834 2236 884 2319 qui
900 2235 950 2313 iis,
968 2255 1044 2316 quae
1059 2254 1147 2318 supra
1164 2255 1216 2318 po-

89 2340 142 2418 sui,
158 2338 237 2402 haec
253 2336 410 2421 adiungat:
431 2334 557 2402 ‘Sullam
574 2338 683 2403 nudata
699 2338 836 2402 omnibus
851 2338 941 2402 rebus
957 2338 1117 2401 tribunicia
1132 2348 1216 2423 pote·

90 2451 160 2505 state
174 2450 283 2504 tamen
299 2440 546 2505 intercessionem
563 2441 687 2506 liberam
702 2440 883 2525 reliquisse'.
909 2438 1014 2525 ltaque
1022 2442 1215 2505 intercessio-

89 2562 149 2607 scm
172 2564 213 2608 ne
237 2544 411 2607 restitutam
434 2544 550 2627 quidem
573 2543 674 2607 dicere
695 2555 823 2627 poterat.
855 2544 996 2627 Augetur
1015 2544 1212 2628 peruersitas,

90 2647 160 2728 quotl
181 2645 213 2709 it
237 2646 333 2709 armis
356 2646 464 2710 iactum
486 2646 608 2709 dicitur.
648 2642 735 2727 Quorl
757 2644 989 2731 Oudendorpins
1015 2646 1052 2709 al
1071 2646 1215 2709 inuidiam

90 2744 228 2835 Pompeio
247 2747 413 2812 laciendum
430 2744 592 2814 Caesarem
610 2749 784 2814 ementitum
800 2769 867 2811 esse
882 2748 1049 2812 existimat.
1088 2747 1132 2810 Aa
1155 2769 1216 2811 non

91 2860 142 2915 tum
156 2852 272 2917 stolide
287 2851 488 2916 mentiebatur
503 2847 633 2928 Caesar,
658 2860 692 2912 ut
712 2870 831 2913 cansam
848 2848 1050 2923 tribuniciam,
1076 2869 1163 2932 qnam
1184 2868 1217 2914 se

92 2952 248 3019 lelcutlere
263 2953 397 3030 simulet,
421 2953 485 3039 ipse
501 2964 650 3036 tamquam
666 2952 782 3016 scelere
803 2951 1034 3015 contaminatam
1055 2950 1217 3036 reprehen-

91 3056 184 3122 leret.
206 3056 314 3121 Verba
327 3064 416 3140 ‘quae
430 3053 634 3140 superioribus
650 3056 737 3118 aunis
753 3055 846 3120 armis
861 3062 945 3119 esset
958 3054 1137 3119 restituta'a
1154 3076 1216 3119 ms·

91 3160 181 3242 gistro
202 3161 242 3225 atl
264 3160 471 3225 exornandam
487 3158 653 3223 orationem
669 3158 798 3242 ascripta
815 3168 898 3221 sunt.
937 3152 1012 3220 Cum
1036 3156 1214 3233 intercessio

91 3264 176 3327 anuis
199 3274 307 3327 notata
329 3264 408 3327 dicta
430 3271 532 3339 esset,
555 3260 696 3323 adiunxit
716 3261 808 3324 armis
831 3259 1013 3333 restitutam,
1036 3268 1070 3321 ut
1094 3259 1216 3321 schema

91 3376 277 3443 nasceretur,
294 3376 325 3430 et
338 3366 406 3429 illos
422 3385 494 3429 suos
510 3363 682 3449 superiores
698 3384 793 3427 annos
811 3362 857 3425 hic
868 3382 985 3444 quoque
995 3360 1125 3423 intersit.
1150 3358 1216 3421 Ex·

91 3469 198 3553 cipiunt
214 3468 304 3531 haece
327 3464 461 3531 ‘Sullam
484 3467 595 3530 nudata
615 3465 753 3529 omnibus
772 3464 863 3527 mbos
886 3462 1045 3526 tribunicia
1069 3471 1218 3545 potestate

90 3580 186 3635 tanen
209 3571 463 3635 intercessionem
482 3569 608 3634 liberam
628 3567 800 3650 reliquisse,
824 3563 1010 3649 Pompeium,
1035 3564 1086 3646 qui
1106 3562 1218 3625 amissa

90 3674 263 3739 restituisse
279 3673 431 3751 uideatur,
456 3672 534 3737 dous
549 3672 653 3751 etiam,
678 3690 754 3752 quae
769 3678 840 3732 ante
856 3666 1027 3743 habuerint,
1045 3661 1217 3727 adenrisse'.

92 3772 155 3856 llic,
173 3776 200 3840 si
215 3774 421 3861 iungeretur,
437 3787 471 3840 ut
485 3773 645 3839 tribunicia
662 3780 794 3856 potestas
810 3768 938 3834 ludibrio
954 3767 1129 3842 haberetur,
1146 3762 1220 3826 uihil

92 3888 207 3961 poterat
221 3878 322 3963 aptius
337 3878 397 3942 tlici
412 3900 500 3961 quam
515 3878 582 3941 iura
602 3872 762 3939 tribunicia
784 3872 861 3935 dona
877 3890 958 3935 esse.
990 3866 1051 3933 seu
1074 3886 1221 3949 quaenam

93 3981 318 4056 suntilladous,
336 4001 414 4064 quae
426 3981 540 4045 tribuni
556 3990 659 4054 antes,
676 3977 732 4039 hoc
748 3984 808 4049 est,
825 3986 983 4057 antequam
994 3967 1154 4034 tribunicia
1170 3985 1224 4047 po-

93 4093 181 4149 testas
196 4108 217 4150 a
232 4082 381 4170 Pompeio
393 4084 620 4158 restitueretur,
637 4078 824 4143 habuerunt?
853 4075 952 4140 Vnam
974 4066 1224 4137 intercessionem

94 4182 209 4255 Cacum
230 4188 322 4275 paulo
344 4196 416 4253 ante
436 4172 459 4252 a
476 4182 564 4251 Sulla
577 4184 714 4251 relictam
730 4178 820 4243 uixit.
858 4174 958 4262 lgitur
973 4194 1012 4237 ne
1026 4165 1225 4234 multitudiuis
