2646 5124
474 598 799 669 ...225-

67 772 231 843 sCaesare
248 781 350 837 antem
367 770 519 837 diuersum
535 794 571 837 ac
585 776 833 859 remotum,quod
847 776 960 842 eratah
970 798 1007 844 eo
1019 780 1203 869 longcmilia

67 900 203 965 passuum
214 872 353 941 XVlll’.
370 873 430 939 llic
438 888 575 958 apertum
584 888 631 941 est
642 898 701 941 aon
714 880 935 962 potuisseinter
943 877 1088 951 Caesaris
1097 901 1199 955 rastra

70 981 253 1066 etoppidum
270 980 390 1064 longius
406 979 534 1063 spatium
544 980 743 1057 intercedere,
755 1002 842 1063 qnam
854 980 934 1047 inter
944 982 1197 1057 castraCaesaris

71 1082 266 1170 etScipinnis
290 1094 382 1166 atque
405 1081 493 1145 lanius
515 1091 615 1145 castra
631 1093 662 1146 et
677 1085 814 1167 oppidum
830 1085 996 1149 intererat:
1021 1088 1052 1154 id
1067 1092 1148 1157 nulla
1163 1116 1198 1159 re

71 1189 201 1273 cogimur
226 1198 263 1251 ut
287 1206 355 1248 cura
372 1180 557 1269 Glandorpio
579 1184 661 1248 inter
675 1179 819 1250 Caesaris
842 1198 943 1251 castra
964 1200 996 1252 et
1016 1193 1152 1276 oppidum
1166 1197 1198 1262 id

69 1292 186 1377 1111111111
211 1286 431 1353 intercessisse
452 1296 630 1364 statuamus,
655 1288 732 1370 quod
755 1310 796 1351 ex
818 1289 877 1353 illis
893 1292 1062 1356 interuallis
1077 1298 1197 1361 eculici·

70 1402 123 1457 tar.
144 1392 235 1457 Nam
251 1390 278 1456 si
296 1386 470 1455 aCaesaris
484 1390 593 1454 castris
609 1400 693 1454 recta
709 1392 878 1474 regionead
888 1392 1027 1477 oppidum
1039 1400 1199 1478 peruenire

68 1494 169 1561 licebat
195 1492 355 1579 Scipionis
378 1503 480 1557 castra
502 1493 538 1555 ad
553 1492 781 1555 alteramntram
795 1506 912 1577 partem
927 1496 1106 1579 reliquenti,
1130 1500 1198 1563 hre-

67 1598 132 1661 sins
146 1596 344 1661 interuallum
361 1605 441 1660 erat.
459 1591 562 1678 ltaque
571 1591 752 1659 Leidensem
769 1618 815 1679 pr.
827 1608 950 1661 secutus
961 1596 1198 1681 proXVlllmi·

68 1699 143 1763 lihas
156 1696 238 1763 xlv
252 1699 361 1786 posuis
375 1720 418 1763 ex
433 1718 492 1779 qno
508 1716 634 1761 numero
646 1708 677 1763 et
687 1694 769 1761 ΧΙΧ
781 1700 873 1776 milia,
885 1721 960 1784 quoe
972 1702 1003 1764 in
1014 1698 1095 1765 Scal.
1111 1712 1194 1781 sant,

67 1812 117 1879 et,
141 1802 229 1867 modo
242 1802 410 1867 secundum
426 1800 623 1882 antiquiorem
639 1803 886 1866 consuetudinem
901 1798 998 1866 111111
1012 1803 1192 1883 scribemus,

67 1900 192 1969 XVllll
204 1906 301 1983 milia,
319 1914 353 1968 nt
368 1904 399 1967 in
414 1900 488 1966 Par.
505 1922 569 1967 sec.
586 1902 708 1985 legitur,
728 1905 814 1969 facile
829 1904 1014 1971 oriebantur.

148 2002 189 2071 C.
208 2006 349 2073 71111111.
367 2006 408 2070 ita
424 2004 584 2069 edehaturs
604 2002 718 2088 ‘Scipio
738 2006 857 2071 interim
882 2008 1015 2090 legiones
1031 2011 1192 2093 productas

67 2126 130 2173 snm
146 2110 329 2193 elephantis,
339 2128 414 2191 quos
429 2118 501 2169 ante
515 2107 655 2169 castrain
664 2108 729 2171 acie
744 2108 873 2173 terroris
881 2112 976 2195 qratia
990 2112 1022 2174 in
1030 2120 1193 2196 conspectu

67 2204 217 2277 Caesaris
231 2211 440 2287 collocauerat,
450 2208 565 2272 reducit
581 2208 611 2271 in
626 2210 748 2272 castra’.
771 2208 888 2275 Verum
904 2212 960 2276 soli
972 2214 1121 2297 elephanti
1132 2224 1192 2276 ter·

67 2332 172 2377 rorem
189 2308 377 2377 Caesarianis
390 2311 505 2376 inlerre
521 2332 581 2375 non
597 2321 757 2396 poterant,
781 2333 879 2394 neque
894 2313 914 2374 ii
931 2324 1064 2390 tantum,
1081 2314 1134 2377 sed
1150 2314 1193 2377 le·

67 2414 180 2499 mones
196 2434 313 2499 qnoque
325 2414 354 2479 in
367 2414 432 2479 acie
448 2423 537 2477 erant
551 2414 727 2477 collocatae„
751 2410 857 2496 ltaque
874 2413 972 2497 ‘quas'
987 2414 1106 2498 scripsi.

155 2514 193 2583 C.
212 2516 274 2595 78,
290 2516 310 2581 7
325 2515 513 2581 scribendum
530 2516 601 2580 luite
626 2512 757 2579 ‘Cacsar
777 2517 903 2580 alteram
919 2517 997 2579 ulam
1014 2516 1127 2593 mittit,
1144 2518 1194 2600 qui

67 2621 271 2707 satagentibus
286 2618 427 2683 celeriter
441 2620 676 2683 succurrerent'.
701 2617 783 2682 Nam
797 2617 1027 2697 ‘occurrerent',
1038 2620 1114 2703 quod
1131 2620 1193 2683 edi·

67 2734 135 2803 tar,
158 2745 221 2789 non
235 2722 463 2807 comprehendit
477 2722 526 2799 id,
549 2722 626 2804 quod
643 2719 691 2783 hic
705 2720 932 2804 significandum
949 2732 1035 2800 erat,
1057 2721 1190 2787 suhsidio

68 2826 182 2911 equites
204 2826 316 2891 missos
333 2844 414 2889 esse.
445 2821 551 2907 ltaque
571 2822 726 2888 ‘subsidio’
743 2825 791 2888 uel
807 2824 948 2888 ‘auxilio’
963 2824 1010 2889 uel
1027 2825 1191 2910 ‘suppetias

68 2928 274 2995 occurrerent'
289 2938 397 2992 auctor
410 2925 594 3012 scripsisset,
605 2937 639 2990 ut
654 2927 753 2991 lacere
769 2926 936 3007 consueuit,
948 2948 1014 2991 cum
1028 2926 1085 2991 hoc
1097 2926 1190 2991 uerho

67 3032 337 3099 nffloemm

147 3134 188 3201 C.
198 3132 245 3201 811
259 3136 302 3199 in.
319 3134 394 3199 haec
407 3134 555 3197 eluctare
575 3132 663 3197 ‘Erat
678 3145 815 3216 stagnum
831 3133 1006 3206 salinarum,
1017 3132 1099 3197 inter
1113 3132 1192 3215 quod

67 3250 93 3303 et
105 3260 192 3305 marc
207 3236 371 3321 angustiae
386 3236 529 3319 quaedam
545 3257 605 3300 non
620 3238 747 3321 amplius
762 3236 843 3299 mille
855 3235 1076 3317 etquiagentos
1086 3251 1194 3317 passas

67 3338 252 3420 intererant,
269 3360 343 3423 quas
353 3335 454 3421 Scipio
470 3338 585 3403 intrare
598 3336 832 3423 et'l‘hapsitauis
847 3336 994 3401 auxilium
1011 3337 1091 3399 lerre
1104 3355 1194 3399 cona-

67 3442 167 3507 hatur.
199 3440 288 3523 Quod
304 3444 435 3506 futurum
451 3438 614 3507 Caesarem
629 3462 690 3506 raon
707 3440 868 3504 lelellerat.
896 3436 1038 3520 Namque
1053 3436 1148 3523 pridie
1162 3435 1193 3500 iu

67 3564 100 3611 es
114 3546 189 3611 loco
204 3545 326 3610 castello
341 3544 456 3609 munito
471 3546 569 3628 ihiqne
584 3545 664 3609 trino
679 3542 830 3628 praesidio
845 3542 951 3607 relicto
965 3542 1030 3626 ipse
1042 3562 1110 3605 cum
1123 3539 1193 3604 reli·

67 3648 129 3731 qais
149 3648 247 3733 copiis
263 3647 374 3712 lunatis
389 3648 497 3711 castris
511 3645 665 3731 Thapsum
681 3647 823 3731 operibus
838 3643 1099 3709 circummuniuit’.
1125 3640 1193 3706 lloc

67 3750 174 3813 trinam
183 3750 365 3833 praesidinm
375 3748 461 3813 nihili
478 3768 546 3813 esse
557 3748 1009 3833 apertumestznequeineodd.
1021 3746 1190 3829 italegitur.

67 3846 143 3915 Nam
166 3852 200 3916 in
218 3849 290 3917 Par.
304 3872 368 3917 sec.
393 3862 425 3915 et
439 3848 524 3915 Scnl.
541 3852 683 3935 scriptum
701 3863 749 3915 est
772 3848 831 3914 ‘Ill
846 3850 994 3934 praesidio
1009 3847 1146 3921 relicto’,
1163 3845 1194 3907 in

67 3948 151 4019 heia.
168 3976 220 4040 pr.
239 3954 427 4019 ‘cohortibus
443 3954 539 4019 trihus
554 3954 703 4040 praesidio
718 3953 847 4030 relicto’,
865 3953 895 4016 in
911 3950 1111 4017 deterioribus
1128 3945 1194 4028 qui·

67 4054 190 4123 lsasdarn
218 4066 342 4143 ‘magno
358 4056 529 4141 praesidio'.
558 4054 803 4141 supplementum
819 4054 953 4132 librarii,
971 4053 1021 4137 qui
1035 4050 1126 4115 Leid.
1145 4068 1191 4130 pr.

67 4160 205 4247 scripsit,
221 4160 396 4245 corrigebat
410 4157 643 4243 Oudendorpius
659 4158 837 4223 ‘cohortium
853 4155 952 4220 trium'
968 4172 1097 4240 ponens.
1137 4144 1196 4209 Po·

67 4261 125 4327 tius
144 4262 204 4347 ipsi
219 4262 413 4347 suppleamus
429 4258 490 4325 ‘Ill
505 4264 662 4347 legionum
678 4259 827 4345 praesidio
842 4258 978 4323 relicto's
1003 4274 1073 4319 nam
1089 4249 1198 4315 cohor·

67 4362 146 4429 tilsns
161 4366 261 4431 trihus
276 4361 396 4431 Caesar
411 4384 445 4430 se
456 4362 628 4450 Scipionem
644 4372 830 4429 retentarum
846 4381 972 4447 sperare
987 4379 1048 4423 non
1064 4361 1196 4439 poterat·

150 4464 189 4533 G.
200 4466 289 4547 SM
303 4468 348 4533 sic
363 4468 461 4533 edidis
481 4464 554 4551 ‘Qui
569 4476 725 4552 postquam
741 4467 946 4542 ndeacastra,
957 4482 1034 4545 qnae
1043 4453 1198 4543 petebant,

67 4570 278 4655 perlegerunt,
296 4581 330 4635 ut
343 4570 469 4637 relectis
485 4570 594 4635 eastris
607 4589 716 4635 rursm
730 4589 800 4635 sese
815 4567 1024 4637 defenderent,
1037 4562 1203 4632 ducemque

67 4670 198 4755 aliquem
211 4672 415 4757 requirerent,
423 4694 512 4759 mem
525 4672 726 4759 respicerent,
734 4666 1009 4737 cniusauctoritatc
1018 4652 1203 4741 imperioque

102 4784 371 4848 amnemque.
1010 4758 1051 4823 15
