2646 5124
432 615 926 706 nnsrouau.rohuarn
1128 652 1145 685 ⁴
1235 638 1300 711 ne

202 815 249 895 (a.
266 810 323 895 db)
342 810 409 876 Cic.
426 812 472 876 cd
483 810 573 876 Fam.
591 809 746 890 IX,6,1:
772 807 849 876 Cum
864 811 916 875 ille
930 813 1112 896 scripsisset,
1130 825 1162 878 ut
1176 814 1240 897 opi·

118 937 186 994 nor,
204 935 238 980 se
253 916 284 979 in
300 912 442 979 Alsiense
457 925 614 978 uenturum
632 923 706 977 cett.

203 1020 251 1094 (c.
268 1016 325 1100 45)
345 1016 410 1080 Cic.
427 1016 471 1080 cd
483 1014 558 1079 Aac.
576 1014 682 1089 XIII,
699 1013 735 1087 7,
754 1014 792 1078 l:
826 1011 945 1078 Sestius
970 1017 1046 1099 apud
1068 1038 1114 1081 me
1139 1017 1196 1082 tuit
1211 1029 1243 1083 et

118 1121 333 1204 Theopompus
348 1119 461 1202 pridie:
480 1119 600 1183 uenisse
615 1114 777 1180 eCaesare
793 1116 937 1180 narrabat
948 1117 1084 1196 litteras,
1099 1119 1155 1182 hoc
1165 1121 1241 1184 scri·

82 1240 98 1290 t
120 1225 213 1297 bere,
238 1221 294 1285 sibi
316 1232 430 1285 certum
446 1240 514 1284 esse
529 1217 643 1283 Rornae
658 1239 782 1282 manere
798 1238 977 1301 causamque
992 1238 1058 1280 eam
1073 1220 1239 1301 ascribere,

118 1347 195 1411 quae
211 1324 322 1388 eratin
337 1322 462 1407 epistola
479 1332 595 1397 nostra,
613 1341 699 1385 nese
715 1318 840 1385 absente
855 1319 939 1403 leges
955 1341 1028 1385 suae
1044 1323 1241 1405 neglegeren-

118 1441 180 1506 tur,
198 1428 277 1491 sicut
292 1435 373 1488 esset
388 1425 524 1508 neglecta
540 1422 738 1507 sumptuaria.

205 1531 219 1607 (
228 1550 259 1591 a.
277 1525 342 1613 45)
361 1524 428 1589 Cic.
447 1525 491 1589 ad
508 1522 582 1587 Att.
600 1523 706 1600 XIII,
724 1524 785 1603 45,
803 1524 841 1588 1:
873 1522 945 1589 Fuit
965 1524 1042 1609 apud
1064 1545 1111 1588 me
1133 1522 1241 1590 Lamia

120 1635 190 1716 post'
203 1631 365 1694 discessum
382 1637 462 1690 tuum
479 1627 695 1711 epistolamque
708 1627 745 1689 ed
759 1648 805 1690 me
818 1627 918 1690 attulit
930 1629 1052 1690 missam
1064 1627 1120 1691 sibi
1134 1622 1242 1692 eCac·

63 1744 96 1798 1⁰
119 1753 207 1811 sare,
224 1752 300 1814 quae
321 1750 495 1812 quamquam
519 1738 589 1792 ante
606 1729 674 1790 data
690 1740 753 1792 erat
770 1751 854 1811 quam
871 1730 941 1792 illae
954 1727 1177 1808 Diocharinae,
1195 1740 1241 1793 ta·

119 1855 186 1898 men
203 1834 290 1918 plane
306 1830 475 1896 declarabat
489 1830 570 1894 illum
587 1839 657 1893 ante
673 1831 757 1895 ludos
773 1829 927 1894 Romanos
943 1850 1011 1896 esse
1027 1843 1197 1895 uenturum.

205 1937 333 2000 Sueten.
354 1931 446 1997 Coos.
463 1930 523 1996 262
556 1929 745 1996 Gladiatores
761 1943 861 2010 notos,
879 1933 974 1996 sicubi
990 1935 1107 1998 infestis
1123 1944 1240 2019 specta·

119 2039 233 2102 toribus
250 2036 475 2108 dimicareutui
491 2033 650 2117 rapiendos
663 2035 922 2117 reseruandosque
933 2036 1109 2115 mandabat,
1125 2036 1240 2101 tirones

121 2140 263 2221 usquein
280 2138 349 2200 ludo
366 2155 462 2218 neque
477 2155 532 2218 per
547 2134 688 2208 lanistas,
713 2134 765 2197 sed
782 2135 812 2197 in
828 2136 962 2200 domibus
977 2157 1031 2220 per
1045 2139 1160 2221 equites
1175 2135 1239 2202 Ilo·

63 2253 96 2305 15
119 2259 225 2303 manos
248 2248 335 2319 atque
356 2237 445 2300 etiam
468 2256 521 2320 per
535 2246 692 2299 senatores
708 2257 859 2300 armorum
876 2239 988 2322 peritos
1004 2240 1158 2304 erudiebat
1173 2259 1240 2325 pre·

40 2401 42 2404 .
121 2342 203 2405 cibus
220 2340 349 2416 enitens,
368 2336 445 2419 quod
462 2336 596 2420 epistolis
612 2338 677 2401 eius
693 2339 871 2418 ostenditur,
889 2351 921 2403 ut
938 2339 1122 2424 disciplinam
1137 2342 1241 2427 singu·

120 2444 216 2506 lorum
232 2440 420 2524 susciperent
434 2438 549 2522 ipsique
565 2440 673 2504 dictata
689 2440 902 2505 exercentibus
918 2442 1035 2507 darent.

564 2589 788 2676 rotulus.

207 2730 282 2794 Tac.
301 2730 436 2793 deerat.
454 2726 516 2792 21:
541 2727 611 2793 Nisi
628 2730 707 2793 forte
723 2730 877 2813 quisquam
891 2741 943 2794 aut
955 2727 1099 2797 Caesaris
1115 2755 1168 2818 pro
1177 2731 1239 2800 De·

61 2842 96 2898 20
119 2832 166 2895 cio
183 2829 318 2894 Samnite
339 2841 391 2893 aut
405 2827 490 2894 Bruti
514 2853 568 2916 pro
584 2829 729 2896 Deiotaro
744 2852 817 2916 rege
834 2843 1012 2918 ceterosque
1027 2835 1160 2900 eiusdem
1176 2838 1241 2901 len·

119 2933 254 2996 titudinis
271 2954 306 2996 ac
321 2933 432 3017 teporis
445 2933 539 3000 libros
555 2934 639 3018 legit,
651 2934 708 2996 nisi
724 2933 774 3017 qui
790 2944 821 2998 et
836 2935 967 2999 earmina
978 2939 1140 3001 eorundem
1152 2938 1241 3002 mire·

119 3045 178 3098 tur.
202 3032 357 3099 Fecerunt
379 3036 457 3098 enim
480 3047 511 3099 et
533 3036 666 3099 carmine
689 3045 720 3098 et
741 3036 772 3098 in
788 3035 981 3102 bibliothecas
996 3041 1165 3103 retulerunt
1179 3062 1240 3105 non

118 3138 225 3201 melius
241 3158 328 3219 quam
338 3132 459 3215 Cicero,
471 3136 523 3199 sed
539 3136 666 3212 felicius,
676 3137 745 3218 quia
760 3132 828 3200 illos
841 3139 949 3202 iecisse
962 3141 1117 3222 pauciores
1129 3140 1240 3205 sciunt.

205 3238 332 3302 Sueten.
350 3238 440 3303 Coeo.
458 3235 517 3301 56:
542 3235 697 3301 Feruntur
716 3249 748 3300 et
767 3259 785 3301 a
807 3258 898 3321 puero
919 3249 951 3300 et
965 3239 1002 3301 eh
1018 3240 1240 3305 adolescentulo

61 3351 95 3405 25
118 3342 262 3421 quaedam
278 3342 402 3424 scripta,
420 3350 453 3404 ut
467 3339 569 3403 laudes
582 3335 735 3415 Herculis,
748 3339 904 3421 tragoedia
912 3335 1066 3424 Oedipus,
1084 3363 1160 3425 quos
1177 3364 1240 3406 om·

122 3462 175 3505 ucs
191 3443 306 3506 libellos
322 3444 417 3506 uetuit
431 3445 589 3526 Augustus
606 3438 760 3522 publicari.

206 3541 290 3608 I’Iut.
310 3544 402 3609 Caes.
418 3542 457 3607 2:
490 3543 562 3610 Καὶ
584 3537 762 3626 ποιήματα
782 3539 922 3628 γράφων
945 3544 999 3611 cal
1014 3542 1132 3632 λόγους
1144 3544 1241 3622 carde

118 3640 301 3729 α’κροαταῖς
316 3646 458 3721 ἐκείνοις
473 3643 603 3734 ἐχρῆτο.

205 3745 335 3811 Sueton.
353 3753 410 3811 uit.
433 3745 615 3812 Terence:
641 3741 678 3810 C.
696 3741 831 3809 Caesare

62 3855 95 3906 to
252 3845 311 3911 ‘Tu
327 3871 455 3933 quoque,
475 3849 550 3912 tuin
566 3848 701 3926 summis,
720 3869 738 3911 o
754 3849 903 3913 dimidiato
919 3847 1097 3928 Menander,

248 3945 377 4012 Poneris
393 3961 423 4013 et
439 3951 557 4029 merito,
575 3950 641 4034 puri
656 3951 804 4015 sermonis
819 3963 946 4016 amator.

247 4046 383 4113 Lenibus
398 4060 488 4131 atque
504 4053 614 4114 utinam
631 4052 751 4134 scriptis
767 4052 907 4114 adiuncta
923 4052 1000 4117 foret
1015 4053 1074 4130 uis,

248 4147 372 4215 Comiea
388 4162 420 4213 ut
435 4161 561 4234 aequato
577 4153 673 4216 uirtus
688 4151 813 4236 polleret
831 4152 944 4215 honore

226 4342 243 4395 2
256 4342 281 4391 iu
293 4340 416 4392 Alsiense
434 4338 582 4406 uenturum]
597 4355 657 4390 cum
677 4356 713 4390 oar
725 4339 824 4406 Africa
837 4343 865 4388 ct
876 4337 1006 4388 Sordtntc
1018 4338 1131 4392 rediret.

118 4418 205 4470 dVa'd.
214 4435 244 4484 p.
254 4420 368 4483 trata.
472 4416 560 4471 8th.
565 4416 664 4485 petil,
673 4417 716 4469 30.
816 4416 1241 4484 ldlliocbariuae]puacBa‘ocba-

117 4509 169 4557 m,
187 4496 315 4547 Caesaris
328 4496 451 4560 libertus,
467 4494 610 4546 attulerat.
716 4494 802 4560 teos.
817 4493 890 4544 Plt'rr.
903 4509 943 4559 op.
959 4492 991 4558 V,
1005 4494 1030 4546 3.
1137 4495 1238 4547 ltht‘d.

115 4573 267 4637 planto.
367 4570 630 4638 atth.p.tte,tt.
730 4569 1243 4638 250edipusIlIcmmicnuc,0cdiplacl

118 4648 230 4718 Oedippi
244 4655 339 4702 ceteri.
443 4650 478 4707 28
490 4645 611 4716 dustrem]
622 4651 733 4715 peace,
748 4664 765 4699 a
778 4651 875 4714 quihus
888 4655 985 4715 captas
997 4653 1067 4701 erae.
