2646 5124
502 77 804 139 -49-

115 245 204 310 tarso
217 246 390 329 scripserit,
418 269 479 308 rron
504 249 573 328 qnid
596 268 648 330 per
668 271 700 311 sc
716 262 829 312 rectam
846 254 902 329 sit,
928 276 1005 335 qnae
1028 263 1119 324 trrulta
1144 288 1212 331 csse

104 362 226 434 want,
253 351 428 414 coniectura
452 370 492 411 ex
515 351 690 433 optimorum
714 353 848 416 codicum
872 359 1009 441 uestigiis
1032 363 1121 427 ducta
1143 369 1211 435 sine

99 453 344 519 rdadnbitatione
367 452 523 516 blanditiis
545 452 781 516 membranarum
804 475 840 519 ea
855 459 985 543 uestigia
999 462 1209 536 deserentibus

91 557 278 642 praeferende
300 565 359 619 est.
406 555 508 636 Atque
531 557 713 638 praestantia
736 557 917 640 optimorum
939 564 1073 631 codicum
1097 572 1209 637 laetum

88 674 141 739 est,
162 671 197 725 ut
211 657 425 723 commentarii
441 657 478 721 de
492 656 571 720 bello
587 656 723 734 Gallico,
740 661 873 724 maxime
887 663 1004 743 quidem
1020 668 1154 749 priores,
1172 691 1209 735 ea

85 765 251 847 integritate
267 760 359 825 uobis
374 760 486 823 seruati
503 763 584 838 sint,
609 782 668 844 qna
689 762 793 844 paucis
816 775 952 828 ueterum
973 766 1056 832 libris
1077 780 1109 833 ut
1124 774 1210 839 nobis

85 867 274 931 raderentur
289 864 432 949 contiffl‘t.
469 862 518 927 Eo
539 864 680 928 miserior
701 875 790 946 atque
813 864 889 927 adeo
904 867 1062 951 desperata
1075 884 1124 936 est
1139 896 1211 938 oon·

83 970 151 1035 dicio
164 970 360 1051 reliquorum
376 965 669 1030 commentariorum.
693 966 788 1044 Nam,
806 987 873 1031 oum
890 968 920 1031 bi
935 971 1008 1033 solis
1024 974 1212 1058 interpolatis

83 1073 229 1138 codicibus
245 1069 368 1135 seruati
389 1068 470 1145 sint,
495 1090 556 1132 noo
579 1068 676 1133 solnm
699 1071 895 1133 nebemeuter
908 1074 1071 1154 genuinam
1088 1076 1211 1141 formam

83 1177 276 1241 adulteratam
293 1192 366 1236 esse
377 1182 492 1235 certum
504 1183 561 1249 est,
578 1192 682 1236 uerum
696 1173 786 1236 etiam
799 1194 859 1236 non
870 1194 965 1257 panca
974 1174 1019 1238 ita
1031 1177 1211 1259 adulterata,

84 1293 113 1344 ut
126 1279 259 1343 iraudem
277 1296 319 1338 ne
335 1293 503 1356 agnoscere
518 1274 635 1357 quidem
651 1275 751 1339 liceat.
791 1271 873 1356 Quot
887 1277 967 1340 enirn
983 1276 1065 1341 locos
1080 1279 1112 1342 in
1127 1281 1211 1347 libris

84 1382 204 1445 debello
220 1376 347 1441 Gallico
363 1377 536 1440 necessario
558 1377 600 1439 ita
621 1395 641 1438 a
656 1373 791 1441 Caesare
805 1380 936 1462 scriptos
951 1379 1208 1459 existimaremus,

86 1496 113 1547 nt
125 1486 153 1547 in
168 1478 369 1565 interpolatis
384 1477 537 1541 codicibus
558 1478 716 1563 leguntur,
740 1481 798 1543 nisi
818 1481 928 1565 integri
954 1502 1014 1545 non
1030 1480 1209 1563 Caesarem,

85 1588 131 1651 sed
144 1586 326 1667 magistrum
341 1581 384 1645 ita
398 1581 558 1664 scripsisse
572 1581 767 1645 euincerent!
807 1578 867 1647 Sed
885 1583 961 1647 banc
976 1596 1090 1668 partem
1107 1588 1210 1669 deplo-

86 1710 150 1753 rare
161 1688 254 1751 lieetz
272 1682 372 1749 sicubi
390 1684 473 1745 tram
488 1703 523 1745 se
537 1682 601 1767 ipsa
616 1684 764 1767 prodidit,
788 1684 978 1750 aelementis
994 1686 1210 1751 intenta-certe

87 1809 251 1873 coarguere
264 1807 331 1851 eam
346 1806 519 1868 possumus.
557 1783 639 1849 Nam
661 1808 754 1873 saepe
777 1788 833 1851 boc
848 1789 909 1851 erit
924 1789 1041 1851 facilius
1056 1809 1143 1869 quam
1160 1790 1212 1851 de·

89 1891 259 1957 monstratis
281 1888 410 1953 fallaciis
432 1886 751 1969 inuestigareueram.
796 1887 898 1973 Saepe
922 1888 1001 1951 enim
1025 1909 1063 1951 ne
1083 1890 1212 1973 uestigia

89 1998 202 2084 quidem
217 1992 359 2075 autiquae
373 1990 544 2073 scripturae
557 2002 680 2054 seruata
695 2002 785 2069 sunt,
803 2013 895 2074 saepe
911 1991 1127 2073 interpolator,
1145 2012 1213 2054 cnm

88 2101 140 2162 iam
154 2105 329 2179 corruptam
344 2092 524 2175 scripturam
539 2094 726 2170 inuenisset,
749 2114 804 2157 ana
827 2094 998 2157 temeritate
1021 2112 1110 2156 omne
1124 2092 1212 2157 nobis

89 2200 260 2266 emendandi
282 2196 508 2260 [undamentum
531 2196 651 2279 eripuit.
691 2195 776 2260 Haec
797 2197 846 2279 qni
868 2195 1127 2270 consideranerit‚
1151 2217 1212 2260 non

88 2304 239 2369 mirabitur
253 2312 287 2363 et
302 2297 550 2382 interpolationes
565 2308 597 2361 et
611 2300 737 2363 uulnera
754 2299 933 2383 grauissima
950 2318 1006 2361 nos
1018 2300 1049 2361 in
1066 2299 1112 2363 bis
1128 2299 1212 2365 libris

89 2407 252 2471 detexisse.
292 2397 329 2465 ln
344 2420 403 2483 qua
416 2420 451 2463 re
465 2400 509 2463 ita
522 2400 639 2463 uersari
662 2402 849 2476 studuimus,
873 2411 907 2464 ut
929 2420 1008 2464 neue
1029 2402 1097 2465 sine
1120 2424 1212 2468 cansa

90 2508 304 2577 dubitaremus,
328 2522 424 2580 neue,
446 2523 511 2566 eum
533 2504 627 2567 iustos
643 2524 752 2567 causas
775 2503 972 2580 uidissernus,
996 2503 1212 2570 dubitationem

89 2623 217 2676 omnam
252 2624 470 2693 premeremus.
514 2602 768 2689 Superstitionem
800 2606 879 2670 enim
914 2627 982 2669 cum
1011 2608 1120 2690 ubique
1150 2620 1213 2672 tum

90 2714 220 2777 mxime
241 2710 276 2773 in
299 2708 354 2772 bac
375 2719 460 2793 porte
479 2706 621 2793 scriptori
642 2707 739 2770 exitio
760 2708 909 2784 loturam,
934 2709 1104 2772 temeritate
1127 2710 1216 2773 facilc

90 2816 182 2900 ipsum
199 2808 369 2877 Caesarem
383 2832 438 2895 pro
454 2809 597 2896 magistro
613 2809 755 2871 addictum
771 2808 810 2872 iri
825 2810 1014 2891 putabamus.

171 2914 263 2981 flauo
277 2915 426 2979 rationem
441 2923 530 2995 atque
544 2912 624 2975 niam
641 2921 765 2976 secutus
781 2910 875 2975 uerba
890 2911 1047 2994 scriptoris
1063 2910 1215 2975 recensui.

92 3016 159 3101 Quo
173 3019 269 3102 magis
291 3028 391 3081 autem
415 3015 548 3091 codicem
569 3015 763 3097 archetypum
786 3014 988 3098 exprimere-m
1003 3034 1108 3079 omnes
1122 3015 1218 3079 inter·

94 3122 258 3205 polationes
273 3119 362 3205 paulo
377 3118 525 3196 maiores,
551 3138 626 3200 quas
648 3117 679 3180 in
701 3116 753 3180 illo
775 3116 835 3179 iam
853 3118 945 3181 luisse
961 3118 1079 3181 codices
1094 3118 1217 3181 demon·

95 3224 239 3301 suebant,
251 3222 340 3286 unois
350 3220 600 3284 circumscribere
610 3241 698 3302 quam
710 3219 810 3283 eicere
822 3220 933 3298 maluit
951 3240 1028 3303 quae
1039 3220 1218 3285 exciderant

96 3334 123 3388 et
134 3338 221 3390 reete
236 3323 371 3409 suppleri
388 3342 477 3408 posse
491 3322 689 3399 uidebantur,
708 3321 882 3405 proclinatis
898 3321 1005 3386 litteris
1028 3322 1142 3406 scripta
1164 3320 1218 3385 ad·

95 3427 168 3505 dli,
194 3446 297 3510 neque
311 3425 447 3489 codicum
463 3424 641 3509 scripturam
657 3424 790 3501 mutari,
807 3424 867 3487 nisi
883 3424 932 3487 ubi
948 3436 1061 3488 certam
1079 3424 1218 3486 emenda·

95 3529 200 3594 tionem
218 3526 371 3605 tenebam,
389 3528 591 3611 corruptelas,
609 3527 715 3609 quibos
736 3546 833 3608 neque
848 3546 905 3610 ego
926 3546 1022 3608 neque
1046 3526 1218 3608 superiores

97 3633 203 3697 mederi
221 3641 403 3716 potuerant,
420 3650 511 3693 eruce
526 3640 647 3695 notatas
663 3627 784 3710 reliqui.
830 3624 1085 3712 0rtlrograplriam
1102 3647 1219 3710 quoquc

99 3735 292 3819 antiquiorem
306 3733 455 3797 reducere
469 3744 596 3797 conatus
611 3753 696 3805 sum,
721 3740 862 3812 qnantum
879 3730 1083 3813 perantiquus
1099 3728 1220 3792 codices

100 3847 127 3899 et
138 3836 326 3921 diligentiam
341 3856 464 3915 eorum,
486 3836 626 3919 aquibus
642 3832 742 3897 collati
758 3843 848 3910 sunt,
873 3831 1004 3907 licebat3
1030 3831 1221 3894 constantiae

102 3940 210 4020 quidem
225 3937 392 4005 laudemiu
407 3939 514 4003 boore
530 3957 715 4021 nequaquam
732 3934 885 4017 quaesiui,
902 3954 920 3996 a
936 3954 994 4016 qua
1010 3943 1132 3996 ueteres
1148 3931 1224 3993 scri.

104 4054 196 4123 ptores
211 4040 391 4127 longissime
400 4041 514 4105 aluisse
524 4039 733 4122 antiquissima
748 4037 913 4101 litterarum
929 4045 1122 4099 monumenta
1138 4032 1225 4094 enin·

104 4153 182 4207 eunt.
213 4142 328 4229 Verbis
348 4143 506 4228 scriptoris
529 4143 643 4209 subieci
666 4160 773 4235 omues
795 4138 1013 4224 discrepantias
1035 4138 1225 4215 integrorum

128 4275 266 4333 asama
282 4275 391 4335 lttppert.
995 4237 1016 4300 4
