2646 5124
417 610 560 687 court.
576 614 719 688 ocur.
734 620 887 692 u-aa.
1231 624 1295 693 arr

112 792 191 857 uitae
207 801 348 876 tempore
362 789 499 857 homiues
514 794 614 858 lacere
629 805 823 875 conruerunt,
839 806 890 859 aot
904 817 988 862 cuam
1003 812 1129 866 mortem
1145 803 1238 867 misc·
1277 852 1284 881 ,.

111 894 258 960 rabuntur
274 903 326 957 aut
341 904 483 978 parentes
498 915 571 960 suos
586 897 846 975 commendabant,
863 898 890 961 si
906 917 979 982 quos
995 922 1034 964 ex
1049 925 1085 968 co
1101 907 1236 989 periculo
1274 906 1277 911 ’
1293 958 1297 970 .

111 999 235 1061 fortuna
259 1017 381 1060 seruarc
404 998 562 1080 potuisset.
600 995 697 1063 Plena
719 1009 807 1063 erant
829 999 928 1063 omnia
950 1001 1064 1066 timoris
1079 1018 1109 1068 et
1123 1008 1234 1072 lactuca

109 1095 232 1177 Curio,
256 1098 305 1162 ubi
328 1099 499 1184 perterritis
523 1100 662 1164 omnibus
686 1120 783 1183 usquc
805 1101 1030 1168 cohortationes
1052 1126 1122 1170 suas
1137 1130 1234 1192 ncquc
1247 1109 1294 1180 42

76 1213 90 1265 t
109 1222 223 1287 preces
237 1202 331 1265 audiri
346 1201 514 1285 intellegit,
545 1216 632 1267 unam
656 1213 690 1266 ut
713 1203 745 1265 iu
760 1201 879 1266 miseris
893 1204 985 1267 robus
1001 1226 1082 1288 spem
1096 1207 1238 1292 reliquam

109 1304 220 1369 salutis
236 1324 304 1368 csse
320 1305 483 1368 arbitratus
507 1305 664 1388 proximos
688 1304 782 1368 colles
798 1325 907 1388 capere
923 1307 1084 1371 uniuersos
1099 1319 1190 1391 atquc
1205 1330 1241 1374 eo

109 1407 197 1490 sigua
220 1405 327 1470 iulerri
351 1407 444 1471 iubet.
479 1404 545 1471 llos
568 1425 687 1490 quoqne
708 1418 913 1490 praeoccupat
932 1408 1043 1472 missus
1067 1429 1084 1472 a
1107 1406 1245 1474 Saburra

110 1509 273 1592 equitatus.
301 1507 380 1572 Tum
391 1530 463 1573 uero
479 1511 517 1573 ud
532 1520 678 1574 summam
693 1508 933 1592 desperationem
950 1509 1047 1574 nostri
1064 1513 1246 1596 perueniunt
1260 1513 1282 1578 2

111 1621 143 1675 et
157 1611 264 1694 partim
281 1611 432 1693 fugientes
448 1612 486 1675 ub
502 1611 636 1694 equitatu
650 1610 890 1688 interficiuntur,
915 1613 1023 1695 partim
1046 1613 1159 1697 integri
1176 1636 1247 1699 pro⁴

67 1720 90 1775 u
110 1713 265 1776 cumbunt.
299 1711 447 1776 Hortatur
463 1711 629 1778 Curionem
645 1709 705 1777 Cu.
725 1711 888 1791 Domitius,
905 1716 1078 1796 praelectus
1093 1717 1242 1798 equitum,
1260 1716 1281 1782 ³

112 1836 180 1879 oum
196 1817 298 1900 paucis
313 1816 462 1898 equitibus
479 1817 718 1889 circumsistens,
736 1826 769 1878 ut
785 1815 852 1898 iuga
867 1815 993 1880 salutem
1010 1827 1093 1901 petat
1103 1829 1197 1901 atquc
1211 1819 1244 1882 iu

112 1928 212 1982 castra
228 1918 399 1996 contendat,
417 1928 497 1983 etse
512 1919 550 1982 ab
566 1939 603 1982 eo
619 1938 680 1982 non
697 1917 896 1981 discessurum
914 1918 1082 2002 pollicetur.
1117 1922 1163 1983 At
1179 1915 1281 1985 cru-t

110 2019 160 2084 rio
176 2036 332 2104 numquam
348 2023 508 2085 acamisso
524 2021 675 2098 coercito,
693 2040 778 2103 quem
793 2015 955 2083 uCaesarc
970 2021 1038 2084 bdci
1047 2022 1241 2085 commissum

111 2124 277 2208 acceperit,
296 2123 326 2185 iu
341 2125 406 2187 cius
414 2135 607 2209 conspectum
623 2133 817 2187 reuersurum
828 2123 984 2185 confirmat
994 2132 1083 2206 utque
1098 2124 1142 2186 ita
1151 2144 1240 2209 proe-

67 2234 91 2287 tt
111 2224 191 2289 liuns
207 2225 401 2288 interficitur.
433 2224 559 2308 Equites
580 2248 621 2290 ex
643 2225 758 2311 proelio
781 2224 921 2309 perpauci
945 2245 978 2289 se
994 2225 1161 2308 rccipiunt,
1185 2223 1277 2290 scdb

110 2326 151 2404 ii,
178 2347 258 2413 quos
275 2327 312 2390 ud
329 2327 523 2391 nouissimum
539 2349 644 2412 agmen
660 2348 805 2411 equorum
821 2326 1046 2390 reficiendorum
1063 2348 1154 2392 cansa
1169 2328 1241 2391 sub-

106 2429 232 2495 stitisse
241 2428 474 2492 demonstratum
484 2440 540 2506 est,
560 2430 727 2514 iugatotius
744 2429 896 2493 exercitus
912 2432 1014 2514 procul
1030 2430 1243 2494 animaduersa

109 2551 184 2595 sese
199 2530 368 2594 incolumes
384 2532 414 2593 in
430 2542 530 2596 castra
546 2533 715 2596 conterunt.
737 2529 854 2595 Milites
869 2533 905 2596 ad
922 2554 1012 2596 uuum
1028 2554 1132 2596 omues
1148 2532 1243 2594 inter-

110 2633 269 2698 bciuutur.
304 2633 359 2696 llls
381 2633 473 2698 rebus
497 2635 625 2719 coguitis
639 2632 777 2698 Marcius
793 2633 892 2699 liuius
914 2636 1110 2717 quaestorio
1135 2632 1243 2696 castris
1259 2625 1304 2696 4³

67 2744 90 2798 tt
108 2735 234 2801 relictus
250 2757 267 2799 a
284 2732 421 2801 Curione
437 2737 611 2801 cohortatur
626 2758 711 2815 suos,
730 2758 768 2800 ne
783 2737 882 2800 auimo
899 2737 1049 2800 deliciunt.
1090 2733 1139 2800 itti
1155 2742 1246 2797 oraut

109 2849 202 2922 atquc
217 2839 397 2915 obsecrant,
421 2850 456 2904 ut
477 2839 510 2903 iu
527 2836 662 2905 Siciliam
686 2839 813 2904 nauibus
829 2850 1033 2923 reportentur.
1079 2835 1247 2902 Pollicctur
1305 2888 1308 2895 .

109 2942 325 3026 magistrisque
341 2940 469 3028 imperat
484 2943 623 3020 nauium,
642 2953 674 3006 ut
691 2943 786 3028 primo
802 2963 929 3027 uespere
945 2953 1048 3005 omues
1065 2940 1192 3023 scaphas
1208 2937 1244 3000 ad

111 3043 184 3109 litus
201 3045 342 3130 adpulsas
358 3046 499 3110 habeant.
533 3041 595 3110 Sed
612 3054 714 3109 tantus
730 3046 785 3109 icit
801 3044 932 3108 omnium
949 3055 1063 3122 terror,
1081 3053 1114 3105 nt
1129 3041 1180 3105 alii
1194 3036 1282 3102 art-t

111 3165 183 3211 csse
205 3147 308 3232 copias
330 3145 423 3213 Iubae
446 3149 603 3226 dicerent,
637 3149 689 3212 ulii
716 3170 782 3212 curu
806 3145 974 3232 legionibus
996 3145 1113 3208 instare
1128 3141 1244 3206 Varum
1303 3169 1306 3174 ·

67 3253 92 3307 ta
108 3246 231 3332 iamque
240 3270 273 3313 se
282 3250 435 3334 puluerem
448 3252 635 3316 uenientium
644 3271 781 3328 cernere,
799 3271 922 3332 quarum
934 3267 1035 3311 rerum
1046 3244 1247 3308 nihilomnino

70 3406 73 3411 .
111 3352 286 3430 acciderat,
311 3352 361 3417 alii
377 3354 504 3418 classem
530 3354 660 3418 bostium
677 3354 821 3416 celeriter
836 3350 1042 3414 aduolaturam
1060 3347 1249 3429 suspicaren-

111 3462 172 3518 tur.
212 3449 320 3538 ltaque
343 3456 516 3540 perterritis
532 3456 672 3519 omnibus
688 3454 744 3518 sibi
762 3454 887 3537 quisque
903 3450 1092 3516 consulebat.
1140 3445 1200 3528 Qui
1218 3438 1284 3505 ins

111 3557 322 3635 clasuccrant,
339 3559 491 3641 proticisci
506 3558 719 3643 properabant.
738 3554 853 3619 llorum
870 3557 940 3639 iuga
957 3552 1076 3616 ouoium
1093 3546 1249 3611 oneraria-

111 3679 178 3723 rum
194 3659 360 3744 magistros
375 3661 540 3725 incitabutu
565 3660 652 3745 pauci
668 3659 822 3724 lenunculi
838 3658 874 3721 ud
890 3657 1016 3720 officium
1033 3651 1248 3736 imperiumque

71 3760 347 3827 umoucaietrant.
388 3759 448 3827 Sed
473 3773 558 3826 tauta
582 3773 649 3827 crat
670 3760 825 3845 completis
849 3760 987 3824 litoribus
1004 3751 1173 3827 contentio,
1199 3742 1286 3831 quib

111 3865 301 3950 potissimum
318 3888 360 3930 ex
375 3887 485 3950 magno
501 3885 628 3929 numero
644 3863 894 3941 conscenderent,
912 3869 946 3923 ut
960 3854 1248 3932 multitudiueutquc
1303 3913 1307 3927 ,

221 4115 299 4192 20⁰]
313 4141 360 4176 cuo
373 4141 390 4175 a
400 4124 426 4175 lr.
550 4124 565 4175 5
578 4123 669 4176 tudirc
682 4126 742 4173 rinc
754 4118 935 4172 concutiens
948 4130 975 4165 u.
1106 4113 1131 4162 ia
1145 4107 1249 4161 mireris

107 4217 127 4254 ι
141 4202 219 4254 ἰιι
234 4208 263 4255 ct
275 4203 338 4254 cdd.
353 4200 438 4268 qaid),
454 4200 559 4252 mlscria
573 4190 598 4252 in
612 4216 642 4253 u.
743 4213 814 4266 rpem
827 4196 860 4247 ad
874 4191 976 4257 reliqua
991 4190 1016 4240 b.
1120 4189 1250 4254 spartam
1306 4264 1308 4275 Ι

109 4281 211 4346 integri
224 4296 253 4333 a.
363 4275 803 4348 tllpraelcctuaJPlln,pr.lrcd.
912 4264 1250 4336 cquctrcdctsccunduoc

108 4357 314 4409 Acbca'ntriam
327 4373 354 4422 a,
369 4357 402 4408 du
413 4371 468 4422 quau
482 4360 556 4407 tacut
566 4354 722 4422 Buycrliur.
829 4348 860 4402 li
869 4361 998 4413 uunquam
1008 4343 1059 4409 (a).
1167 4341 1197 4392 ll
1207 4354 1250 4389 ac-

110 4434 219 4500 ceperit
230 4449 260 4485 ac
273 4435 299 4484 iu
314 4437 407 4486 inuito
422 4433 491 4485 Ocu.
506 4448 534 4483 at.
643 4432 674 4484 15
691 4447 723 4481 cx
736 4426 837 4497 proelio
849 4425 974 4493 perpauci
987 4437 1004 4471 a
1018 4423 1093 4473 ‘mro
1104 4414 1246 4488 plerique,

109 4513 241 4580 perpauci
254 4527 289 4563 ca
303 4512 401 4579 proelio
414 4527 442 4562 u.
602 4509 648 4561 rod
662 4509 689 4559 bl
701 4523 728 4558 a.
869 4498 1057 4564 tuttrrctmu,
1071 4497 1181 4551 Martius
1195 4494 1247 4550 θος

109 4589 193 4643 [υ.
337 4588 598 4655 tttcportaouurc.
739 4577 914 4637 22uoaiara.
1039 4570 1247 4638 ”adpulsum

224 4667 259 4720 2⁹
273 4665 410 4733 impurium
423 4664 617 4718 connectebant
629 4677 655 4713 a.
764 4657 797 4709 30
809 4653 943 4708 littoribus
956 4667 983 4702 a.

124 4765 394 4826 unumunurm.
1035 4730 1077 4795 to
