2646 5124
317 542 493 621 0011111
513 544 609 619 CAP-
625 548 776 617 12-11.
1100 560 1166 631 275

59 719 346 799 thcaltaadaretur,
356 716 600 805 Sequanianero,
609 722 1108 807 quiintrat'rneasuoaAriouiatum

59 824 177 901 mnam,
194 843 321 911 qnorum
337 821 444 907 oppila
459 824 561 889 omnia
574 824 606 889 in
620 836 771 911 potestate
785 825 850 891 eius
864 839 981 904 esseut,
997 850 1105 899 omues

59 936 127 995 atas
143 935 248 991 essent
261 926 445 1009 perferendi.
478 924 533 991 llis
553 926 645 991 rebus
667 926 795 1012 cognitis
810 920 927 993 Caesar
940 925 1099 999 Gallorum
1114 938 1159 1009 83

59 1050 91 1097 aa
106 1028 213 1095 aerbis
229 1028 419 1093 confirmauit
433 1028 641 1114 pollicitusque
656 1041 704 1095 est
717 1029 777 1095 sibi
791 1050 856 1095 eam
870 1051 934 1097 rem
950 1054 1040 1101 curae
1056 1038 1102 1102 iu·

59 1154 93 1197 uc
110 1152 252 1216 magnam
268 1151 303 1195 se
317 1130 428 1197 babere
441 1151 525 1216 spem
540 1142 572 1197 et
585 1131 732 1198 beneficio
748 1154 803 1197 suo
812 1143 843 1197 et
857 1135 1037 1201 auctoritate
1048 1139 1101 1203 atl-

59 1254 97 1303 ΙΙ
109 1232 303 1299 Ariouistum
316 1232 406 1297 linem
420 1232 540 1299 iniuriis
556 1236 714 1299 iacturum.
752 1234 820 1299 llao
842 1234 979 1299 oratione
999 1238 1100 1303 babila

59 1336 136 1405 tiam
158 1335 285 1401 dimisit.
320 1332 365 1399 Et
383 1335 548 1400 secuudum
563 1356 600 1401 ea
614 1336 726 1401 multae
741 1357 791 1403 res
807 1356 875 1401 eum
890 1336 1098 1421 hortabantur,
1114 1342 1136 1405 2

59 1438 141 1510 aaibi
161 1460 230 1505 mm
253 1458 318 1503 rem
340 1437 528 1522 cogitandam
549 1449 582 1503 et
599 1440 821 1524 suscipiendam
844 1448 983 1522 putaret,
1004 1441 1100 1527 inpri·
1192 1518 1194 1523 ,

59 1542 139 1629 apol
152 1540 318 1619 llaetluos,
342 1541 456 1605 iratres
470 1542 772 1627 consanguineosque
785 1560 1004 1626 saepenumero
1019 1562 1039 1607 a
1051 1564 1101 1611 ac·

62 1644 241 1731 qulatos
256 1642 289 1707 iu
303 1641 453 1707 seruitute
466 1652 557 1729 atque
571 1644 604 1707 in
618 1643 736 1709 dicione
748 1642 872 1709 uidebat
879 1641 1101 1711 Germanorum

59 1746 256 1831 aaronque
277 1744 396 1811 obsides
423 1764 493 1810 esse
511 1746 590 1830 apul
609 1745 799 1811 Ariomstum
820 1764 857 1809 ae
871 1740 1033 1829 Sequanos
1053 1748 1101 1813 in·

59 1848 155 1933 [ὼς
175 1848 255 1933 quod
269 1846 302 1911 in
317 1856 403 1911 tauto
418 1846 543 1932 imperio
559 1848 658 1934 populi
671 1846 802 1913 Romani
819 1846 1024 1931 turpissimum
1038 1850 1099 1915 sibi

59 1950 202 2039 prateae
216 1970 288 2015 esse
302 1949 514 2015 arbitrabatur.
543 1947 693 2015 Paulatim
713 1960 813 2013 autem
836 1945 1004 2015 Germanos
1019 1973 1094 2017 con·
1110 1952 1130 2017 3

59 2074 117 2121 aaa
128 2050 269 2119 Rhenum
284 2052 462 2117 transireat
476 2052 509 2115 in
516 2048 646 2117 Galliam
661 2072 799 2136 magnam
813 2072 917 2117 corum
931 2053 1097 2119 multitudi-

60 2157 173 2223 unua
192 2154 297 2241 populo
317 2152 458 2219 Romano
480 2154 683 2237 periculosum
697 2154 831 2233 uidebat,
857 2174 954 2238 neque
968 2155 1028 2219 sibi
1042 2156 1096 2221 bo·
1111 2155 1132 2219 1

59 2258 183 2323 stema
201 2276 237 2321 ac
255 2256 401 2322 barbaros
424 2266 643 2341 temperaturos
662 2254 877 2329 existimabat,
907 2251 997 2338 quiu,
1028 2280 1096 2323 eum

59 2378 104 2427 Ι
116 2354 242 2423 Galliam
255 2359 504 2445 occupauissent,
528 2369 561 2423 ut
581 2370 652 2423 ante
668 2352 783 2423 Cimbri
799 2354 992 2441 Teutonique
1007 2358 1096 2423 iecis-

59 2508 62 2533 .
85 2460 122 2527 a'u
142 2462 323 2547 prouinciam
344 2462 468 2527 exirent
489 2471 578 2545 atque
599 2460 668 2525 inde
682 2461 715 2527 in
729 2456 847 2523 ltaliam
863 2459 1093 2541 contenderent,

59 2562 152 2631 mrim
166 2586 232 2629 cum
246 2560 407 2650 Sequanos
422 2585 441 2627 a
455 2562 612 2648 prouincia
628 2572 733 2627 nostra
741 2560 908 2626 Rhodanus
924 2560 1092 2645 diuidmctp

59 2666 180 2733 auclaua
194 2688 284 2751 quam
298 2667 473 2731 maturrime
488 2664 707 2731 occurrendum
728 2663 862 2748 putabat.
900 2659 970 2747 Ipse
991 2666 1127 2730 autem5

59 2768 144 2839 ’1111
160 2778 262 2835 tantm
276 2768 334 2833 sibi
347 2770 489 2854 spiritus,
514 2777 628 2833 tantam
642 2764 848 2850 arrogantiam
862 2775 1043 2849 sumpserat,
1060 2780 1095 2833 ut

59 2870 111 2939 lu
124 2892 190 2937 noa
205 2873 371 2937 uideretur.
400 2868 601 2953 Quamobrem
617 2869 727 2956 placuit
741 2869 781 2947 ei,
799 2878 832 2933 ut
844 2867 884 2933 ad
897 2866 1087 2937 Ariouistum
1103 2872 1150 2943 34

59 2994 83 3041 a
96 2974 247 3053 mitteret,
263 2974 313 3058 qui
327 2973 365 3039 ab
381 2994 417 3038 eo
433 2974 636 3058 postularent,
653 2972 696 3037 uti
711 2971 838 3057 aliquem
851 2972 950 3037 locum
961 2974 1091 3039 medinm

59 3097 125 3165 tque
139 3075 300 3160 conloquio
315 3077 476 3161 deligeret:
501 3074 579 3141 uelle
597 3095 667 3139 sese
686 3075 723 3138 dc
738 3094 773 3137 re
788 3073 907 3159 publica
921 3084 953 3139 et
965 3078 1090 3141 summis

59 3198 122 3263 que
136 3180 231 3243 rebus
246 3200 311 3243 eum
327 3200 364 3243 eo
379 3200 483 3266 agere.
513 3176 554 3243 Ei
568 3176 715 3260 legationi
724 3174 899 3240 Ariouistus
914 3178 1087 3259 respondit:
1104 3179 1126 3241 2

59 3281 159 3365 1Ιίμί
172 3302 193 3347 a
207 3277 342 3347 Caesare
357 3303 431 3365 opus
447 3290 549 3357 essct,
573 3297 643 3342 sese
665 3278 703 3341 al
717 3296 785 3341 eum
800 3286 960 3339 uenturum
975 3276 1087 3355 luisse3

59 3382 145 3449 aitte
158 3404 194 3449 se
209 3384 293 3459 uelit,
310 3384 393 3447 illum
408 3383 445 3447 ad
460 3403 494 3447 se
509 3379 613 3445 uenire
628 3388 780 3465 oportere.
806 3373 974 3442 Praeterea
987 3396 1022 3441 ae
1038 3396 1091 3441 ne·
1106 3374 1125 3439 3

59 3484 109 3555 lae
120 3486 257 3553 exoritu
271 3486 302 3551 in
317 3506 370 3552 eas
386 3496 486 3570 partes
495 3481 613 3549 Galliae
628 3482 734 3547 uenire
748 3478 874 3557 audere,
891 3500 966 3563 quaa
975 3472 1092 3543 Caesar

59 3586 158 3667 luat,
180 3608 277 3672 neque
299 3587 467 3652 exereitum
489 3586 556 3651 siue
579 3605 688 3668 magno
711 3592 879 3647 commeatu
898 3592 989 3667 atquc
1002 3584 1089 3648 moli-

59 3690 106 3757 riu
121 3712 213 3755 uuum
228 3692 326 3756 locum
342 3689 521 3754 contrahere
536 3708 637 3773 posse.
661 3682 727 3751 Sibi
743 3695 842 3751 autem
859 3684 965 3749 mirum
979 3684 1088 3765 uideri,
1105 3685 1127 3748 4

72 3914 417 3983 2ηο1μ1ιιοηῑπι.ρν.3.
520 3910 655 3964 lluturac
669 3910 694 3961 b.
799 3906 887 3975 blac]
902 3922 981 3959 acm.
991 3920 1039 3975 pr.
1054 3908 1086 3959 B.

59 3992 266 4047 'tllniaaituata
279 3992 393 4044 comll.
500 3992 531 4045 10
544 3990 698 4042 seruitutem
710 3988 747 4039 D.
851 3986 1088 4053 (litioucauprare.

61 4072 116 4125 ,1ο
128 4072 167 4137 B,
182 4072 315 4124 detinere
328 4073 373 4125 C?
386 4071 436 4123 bd.
518 4069 550 4121 ta
562 4066 707 4137 paullatim,
721 4070 839 4131 itemque
849 4064 975 4132 paullum,
988 4063 1088 4131 paullo,

59 4162 109 4217 par
118 4154 218 4203 watra
230 4150 308 4201 codd.
323 4150 424 4214 ubique
436 4162 464 4197 aa.
590 4146 622 4196 lb
634 4142 742 4193 allebat
752 4157 789 4193 aa.
803 4156 856 4191 rae.
870 4156 955 4207 cupra
967 4156 1039 4193 uara.
1053 4140 1088 4191 B.

73 4224 106 4281 lb
119 4233 347 4294 optemperateroa
359 4226 423 4289 Aa,
442 4222 668 4288 obtemperatum
684 4218 709 4271 B
725 4222 753 4268 ct
768 4217 994 4283 reliqua'proatar
1005 4232 1089 4267 unam

137 4304 170 4357 11
184 4304 387 4371 occupauissent
398 4298 507 4367 Acus
513 4298 619 4362 alitque
625 4330 636 4361 ,
657 4294 841 4363 occupaniaact
853 4292 895 4357 135
918 4300 1092 4363 occupassent

59 4392 74 4429 t·
180 4380 213 4433 lb
225 4378 348 4431 noeane·
360 4391 483 4445 cupere.
499 4376 515 4426 b
527 4374 560 4425 B.
663 4370 695 4427 21
715 4376 814 4421 uncam
827 4368 877 4421 ribi
890 4382 944 4419 arr.
964 4366 1001 4417 11.

59 4452 123 4523 thtaa
140 4454 167 4507 b.
280 4451 497 4523 (conloquioAB
505 4446 562 4519 Os)
575 4446 696 4515 colloqall
709 4446 734 4498 b.
839 4440 979 4513 deligeret]
992 4442 1093 4494 ticam

69 4530 110 4583 bb.
243 4530 278 4587 26
296 4530 358 4599 ipsi]
371 4528 397 4583 ci
410 4530 435 4580 b.
568 4526 602 4579 21
615 4524 763 4577 molimento
773 4522 900 4575 Faernus
906 4557 916 4585 ,
929 4518 1093 4571 emolimento

59 4620 74 4659 t.
84 4624 103 4661 a
113 4624 197 4677 cuper
209 4608 359 4677 ipoaa'tas,
378 4604 551 4661 emolumento
563 4602 684 4669 reliqui„

875 4688 940 4751 18·
