2646 5124
431 120 571 189 Cblltl.
591 122 650 187 llll
681 121 775 187 Cat).
799 124 834 184 tu
853 166 882 172 --
897 128 945 189 ts.
1243 136 1303 197 :337

142 295 560 383 bdurproptcrlabtudincnn
578 297 1026 381 rapidbateninlbtndinennpuc
1044 301 1246 376 bonurns‚ta-

135 422 188 467 neo
203 403 231 465 id
247 400 306 463 sibi
323 400 562 463 contendendum
584 411 636 462 aut
658 400 748 462 aliter
769 422 828 463 non
851 401 1062 465 traducendum
1077 407 1246 471 exercitum

131 503 329 569 existimabat.
361 500 522 566 Rationem
539 503 638 587 pontis
655 502 732 565 banc
748 502 890 565 institnit.
931 500 1028 587 Tigna
1044 504 1113 569 bina
1127 510 1280 591 sesqui-3

126 606 233 693 pedalia
256 606 380 691 paulum
403 605 440 668 ab
464 604 524 667 imo
546 615 708 690 praeacuta
729 606 864 669 dimensa
888 604 926 667 ad
946 606 1132 671 altitudinem
1148 611 1244 675 llumi·

98 711 166 775 tuis
187 708 352 775 interuallo
374 708 481 791 pedum
504 709 627 772 duorum
644 708 723 771 inter
737 730 770 770 se
786 708 940 792 inungebat.
987 708 1072 773 llaec
1094 733 1160 774 cum
1183 716 1282 780 mad

121 812 340 878 clinationibns
356 812 482 875 inmissa
496 810 528 873 in
544 812 652 874 bunacn
665 812 811 875 dclixcrat
828 811 999 893 listucisqne
1015 812 1168 895 adegerat,
1187 838 1246 880 non

119 916 250 982 sublicae
266 915 355 979 modo
370 915 484 977 directe
499 914 536 977 ad
553 913 806 998 perpendiculum,
825 914 877 976 scd
895 935 1032 997 proncac
1047 916 1198 999 instigate,
1216 930 1248 981 nt

118 1021 284 1085 secundum
300 1028 438 1081 naturam
455 1016 583 1080 llumiois
598 1016 847 1101 procumberent,
872 1016 916 1079 bis
933 1018 1004 1079 item
1020 1021 1172 1081 contraria
1188 1019 1281 1085 duot't

117 1121 153 1186 ad
176 1122 303 1185 eundem
327 1120 445 1183 modum
469 1122 572 1183 iuncta
593 1120 752 1183 interuallo
776 1120 882 1203 pedum
908 1118 1131 1201 quadragenum
1148 1122 1184 1183 ab
1200 1123 1246 1185 in-

67 1229 99 1285 n
118 1224 229 1288 ieriore
243 1236 330 1309 parte
346 1234 451 1287 contra
474 1222 535 1286 uim
560 1234 649 1307 atquc
665 1222 805 1307 impetum
822 1220 951 1285 llnminis
967 1244 1114 1286 conuersa
1130 1235 1245 1288 statue·

117 1324 184 1389 bat.
213 1324 295 1391 llaec
312 1336 439 1410 utraque
453 1326 578 1411 insuper
589 1325 773 1409 bipedalibus
788 1325 923 1388 trabibus
939 1326 1082 1405 inmissis,
1101 1338 1243 1411 quantum
1259 1324 1281 1389 li

120 1448 225 1493 eorum
239 1430 390 1515 tignorum
405 1432 545 1494 iunctura
560 1428 699 1505 distabat,
718 1428 796 1491 binis
812 1428 960 1507 utrimque
977 1430 1073 1493 bbulis
1089 1430 1126 1493 ab
1138 1442 1242 1493 extre-

118 1552 166 1595 ma
180 1544 265 1617 parte
281 1532 520 1611 distinebantur3
548 1532 654 1616 quibus
670 1531 809 1595 disclusis
825 1542 913 1615 atque
928 1532 959 1595 in
975 1534 1155 1597 contrariam
1172 1556 1240 1617 par·
1256 1534 1277 1597 7

118 1642 178 1697 tem
195 1634 340 1699 reuinotis
363 1646 447 1699 tanta
469 1647 536 1699 erat
559 1634 660 1720 operis
682 1634 830 1698 lirmitndo
846 1646 936 1717 nuque
951 1656 987 1698 ca
1002 1657 1101 1699 rernm
1118 1647 1239 1713 nauum,

68 1742 97 1799 lt
118 1746 167 1814 ut,
185 1758 245 1819 quo
259 1738 354 1801 maior
367 1739 413 1803 uis
427 1758 523 1822 aquae
538 1758 572 1801 se
587 1737 792 1815 incitauisset,
821 1736 876 1800 boe
899 1738 995 1800 artius
1018 1738 1141 1821 inligata
1157 1749 1242 1803 tene-

118 1848 246 1903 rentum
293 1834 375 1902 llaec
393 1840 504 1905 directa
526 1842 653 1904 materia
669 1840 777 1903 iniecta
793 1840 1031 1903 contexebantur
1046 1862 1081 1902 ac
1098 1840 1242 1922 longuriis
1257 1840 1278 1905 8

119 1939 317 2023 cratibusque
331 1944 614 2021 consterna-banton
643 1964 678 2005 ac
702 1942 793 2006 nibilo
814 1942 914 2006 secius
937 1940 1069 2005 sublicae
1092 1952 1124 2004 et
1145 1942 1181 2004 ad
1198 1940 1279 2005 in-ll

119 2042 265 2107 seriorem
280 2054 393 2129 partem
409 2046 538 2109 lluminis
554 2046 671 2129 oblique
687 2046 865 2131 agebantur,
890 2066 967 2129 quae
988 2066 1041 2129 pro
1063 2044 1158 2108 ariete
1173 2043 1244 2106 sub·

119 2144 216 2210 iectae
230 2156 260 2211 et
277 2168 344 2211 aum
366 2149 447 2211 omni
472 2170 562 2234 ope-re
577 2150 756 2213 coniunctae
772 2150 832 2211 nim
848 2150 977 2211 bumirris
994 2148 1188 2229 exciperent,
1213 2155 1244 2209 et
1261 2144 1301 2211 lll

72 2247 102 2309 fl
119 2247 196 2313 aliae
210 2248 280 2313 item
296 2270 390 2335 supra
411 2263 530 2335 pontem
553 2252 697 2316 mediocri
718 2252 834 2337 spatio,
860 2262 908 2329 nt,
933 2252 959 2314 si
982 2250 1123 2313 arborum
1145 2250 1243 2313 trunci

121 2350 186 2415 nine
200 2372 294 2417 naues
304 2352 558 2439 deiciendioperis
571 2366 674 2419 essent
688 2377 707 2418 a
722 2355 859 2419 barbaris
875 2354 995 2431 missac,
1014 2354 1059 2417 bis
1075 2352 1242 2417 defensori·

120 2450 172 2519 bus
187 2474 291 2519 earnm
308 2478 410 2521 rerum
427 2458 473 2521 nis
489 2458 686 2535 minueretur,
704 2479 761 2521 neo
779 2457 859 2543 ponti
877 2468 1031 2521 uincerent.
1058 2454 1171 2520 Diebus
1187 2458 1238 2521 de·
1256 2454 1298 2525 18

122 2576 200 2633 eom,
225 2558 333 2643 quibus
356 2561 482 2625 materia
503 2572 608 2646 coepta
629 2573 696 2625 erat
719 2562 907 2645 conportari,
933 2561 1012 2624 omni
1029 2581 1119 2645 opere
1135 2562 1241 2623 ellecto

123 2661 273 2726 exercitus
298 2662 476 2727 traducitur.
523 2660 641 2728 Caesar
663 2665 700 2727 ad
724 2674 1013 2747 utramquepartem
1036 2663 1134 2745 pontis
1157 2664 1279 2727 lirmo2

226 2896 315 2963 baut]
329 2898 396 2947 baud
412 2900 434 2949 C
446 2904 474 2949 ct
484 2916 535 2950 ace.
551 2916 586 2950 nt.
602 2900 635 2951 ll.
751 2898 957 2964 dseqnipcdnlia
970 2900 1003 2946 ,1.
1127 2894 1141 2943 l
1157 2892 1246 2957 paulu·

126 2972 171 3023 lum
186 2974 211 3023 b.
319 2974 434 3025 dimerso
447 2980 474 3025 a'n
488 2992 576 3041 marg.
590 2978 624 3029 A.
732 2978 746 3025 5
761 2975 899 3040 inungebant
916 2975 940 3023 b.
1069 2986 1127 3019 enm
1140 2970 1245 3020 acbina·

127 3052 238 3101 tionibus
251 3064 289 3101 m.
298 3066 343 3117 pr.
357 3053 390 3103 tt.
497 3056 632 3106 binmissa
646 3057 672 3107 A
680 3056 702 3105 C
711 3056 771 3120 lls.
878 3055 903 3104 in
918 3053 1020 3103 llnnnne
1035 3053 1059 3102 b.
1187 3048 1245 3099 diti-

127 3128 246 3179 xeratB.
350 3128 911 3199 iusticiaqnellla',lestrreulisquebedfi
1018 3126 1243 3193 ldirecteblds,

127 3202 229 3257 derecte
243 3222 258 3255 a
271 3209 300 3255 et
312 3222 371 3257 eum
384 3208 394 3258 i
405 3224 488 3273 super
499 3211 531 3261 de
545 3211 569 3260 A
576 3248 584 3273 ,
600 3211 722 3261 derectae
736 3211 774 3270 n,
789 3212 906 3259 directae
922 3210 976 3259 (71)
989 3213 1018 3256 et
1028 3223 1081 3257 see.
1095 3222 1131 3255 na.
1146 3206 1185 3267 Il,-
1200 3204 1244 3255 dc·

127 3286 195 3331 reeta
205 3296 233 3333 n.
404 3300 485 3349 prone
497 3286 523 3336 A
531 3286 553 3337 C
560 3286 585 3336 n
595 3286 663 3337 Ede
676 3291 703 3337 et
714 3304 767 3337 sce.
782 3302 816 3336 cn.
825 3285 971 3349 slsnerot
983 3285 1079 3351 proni),
1094 3298 1190 3350 pronae
1205 3282 1242 3339 n,·

125 3370 201 3421 prona
212 3374 241 3409 n.
392 3359 516 3425 fastigato
528 3362 554 3413 A
560 3362 645 3427 Eas,
662 3362 803 3428 instigatae
814 3366 851 3428 ll,
867 3365 991 3429 fatigatae
1006 3365 1036 3425 b,
1053 3362 1186 3425 fastigiata
1202 3364 1244 3412 t'?

126 3430 222 3497 Dida·
235 3434 364 3500 instigata
377 3452 404 3487 n.
497 3439 567 3490 stis
580 3440 676 3505 nus,
690 3441 723 3490 iis
736 3441 795 3491 An.
898 3442 949 3491 duo
963 3441 1051 3503 codd,
1067 3456 1119 3490 non
1134 3456 1161 3490 n.

127 3508 281 3565 ldinianeta
294 3516 369 3565 aba.
508 3516 627 3569 inferiori
643 3520 675 3570 C.
790 3520 817 3571 ll
834 3520 962 3585 (inmissis
974 3522 999 3571 A
1007 3521 1031 3571 B
1036 3522 1075 3585 s)
1088 3520 1202 3569 immisso
1217 3520 1242 3568 b.

229 3594 265 3649 l2
276 3593 408 3660 utrimque
421 3596 446 3646 A
452 3594 534 3663 (B)l)
540 3596 576 3663 J,
591 3612 644 3647 nou
658 3598 789 3663 utrinqne.
902 3599 933 3650 la
947 3598 1144 3648 destinebamur
1148 3598 1184 3661 s,
1200 3596 1244 3646 de-

125 3666 273 3722 tinebantur
286 3674 310 3723 C
323 3677 351 3723 et
362 3689 416 3723 sec.
431 3690 466 3724 m.
481 3675 520 3737 B,
535 3674 735 3726 destinabantur
748 3676 778 3726 Ε.
931 3678 961 3729 ll
975 3678 1060 3743 operia
1075 3675 1200 3727 fortitudo
1217 3676 1243 3725 b.

229 3748 263 3801 ld
274 3748 401 3815 (inligata
413 3750 439 3801 A
445 3750 470 3801 B
479 3752 576 3816 c'ltn')
589 3752 704 3818 ligatas.
846 3753 877 3805 ld
891 3754 991 3805 directa
1004 3753 1050 3819 (ll)
1065 3757 1093 3803 ct
1103 3769 1157 3802 aee.
1171 3769 1206 3801 an.
1224 3750 1246 3801 0

125 3820 234 3887 {sumt
243 3826 345 3879 iniecta
359 3828 417 3879 ‘uel
428 3830 492 3880 tula’
504 3832 557 3881 Ea.
571 3832 676 3893 Faba),
692 3831 799 3881 derecta
812 3832 897 3883 ‘maa’
914 3835 971 3886 nt*
979 3835 1060 3900 eset
1070 3849 1128 3883 enm
1141 3832 1150 3881 i
1163 3846 1244 3897 super

124 3897 154 3950 da
164 3902 200 3953 A.
309 3904 417 3958 materie
430 3906 512 3973 dds,
528 3908 652 3958 materiae
665 3924 689 3957 e.
794 3910 835 3976 ne]
849 3918 876 3961 et
888 3910 1018 3978 (miset
1032 3913 1114 3959 tacite
1127 3924 1154 3957 u.

125 3976 155 4029 ll
167 3979 307 4047 anbliqnae
320 3982 346 4033 d.
451 3992 479 4035 et
491 3984 569 4051 ΑΨ)
581 3985 669 4037 ΟΜ
677 4002 706 4049 e,
720 3986 809 4052 oms.
918 3988 949 4039 18
961 3988 1080 4053 obliquae
1096 3987 1160 4051 t's:
1180 3984 1245 4032 obli-

122 4074 214 4125 qne-
224 4060 379 4113 lllllumlnia
392 4078 445 4114 om.
459 4064 523 4115 DE.
612 4079 658 4131 pro
672 4064 771 4130 pariete
784 4081 844 4116 cnm
858 4068 946 4117 trtbna
958 4066 1024 4117 dett.
1040 4081 1068 4116 u.
1155 4061 1189 4113 2⁰
1202 4074 1243 4108 sn·

122 4154 168 4205 por
181 4140 206 4189 b.
316 4140 346 4193 21
362 4144 449 4209 operis
461 4143 488 4195 A
496 4142 651 4209 (ΜΗ,
667 4144 753 4209 operis
767 4158 846 4195 cansa
859 4145 906 4207 es.
1034 4144 1068 4193 22
1082 4138 1144 4202 nen]
1160 4153 1206 4186 nec
1220 4136 1245 4185 b·

231 4216 267 4268 23
280 4220 428 4284 conportari
442 4220 474 4269 B.
577 4216 666 4285 opere]
680 4226 756 4283 ponte
771 4220 795 4268 b.
901 4220 933 4275 2l
950 4217 1127 4267 transducitur
1136 4218 1163 4281 s.

148 4312 247 4367 caesar,
262 4314 298 4358 ed.
314 4312 422 4373 b'ipperd.
1055 4314 1098 4376 22
