2646 5124
67 39 953 357 u

554 72 561 85 0

483 624 553 692 ut..
571 623 629 691 [ild
644 621 874 691 aunuouta
1233 626 1297 697 ⁷55

112 802 278 877 Albenses.
309 797 383 864 Non
404 799 542 882 quoniam
565 798 735 861 nescientes
756 817 845 859 unam
866 796 1082 861 deriuationem
1098 802 1238 866 essehoc

103 907 263 981 'temeson
281 899 399 967 Caesar
415 902 470 965 ltoc
485 901 579 978 dixit,
602 899 655 964 sed
672 910 705 963 ut
721 900 853 963 lacerent
869 899 1077 964 discretionem
1094 903 1175 965 inter
1190 925 1240 967 co-

104 1008 309 1087 -lonos‚.inter
321 1006 390 1069 illos
406 1016 437 1068 et
452 1005 539 1067 istos.

206 1108 288 1173 dett.
306 1106 409 1185 XIX,
426 1105 465 1170 8:
491 1100 529 1167 C.
548 1099 665 1167 (leesor
678 1103 710 1167 in
726 1104 829 1182 libris,
843 1104 927 1185 'quos
943 1104 978 1167 ad
993 1101 1041 1168 M.
1059 1101 1237 1171 Ciceronem

79 1227 96 1278 t
118 1215 156 1279 de
169 1209 308 1295 analogia
324 1208 515 1292 conscripsit,
528 1206 656 1269 harenas
671 1207 781 1271 nitiose
792 1208 850 1270 dici
864 1206 1029 1283 existimat,
1040 1209 1116 1289 quod
1128 1210 1238 1276 harena

115 1335 274 1398 numquam
290 1312 489 1377 multitudinis
505 1329 629 1373 nomem
644 1310 817 1394 appellanda
836 1310 893 1387 sit,
911 1310 997 1372 sicuti
1015 1330 1110 1393 neque
1126 1315 1238 1377 coelum

111 1438 213 1502 Μαι
227 1417 360 1480 triticum
371 1441 380 1495 ς
391 1424 498 1477 contra
512 1423 612 1476 autem
626 1412 797 1497 quadrigas,
809 1413 927 1476 etiamsi
940 1435 1046 1476 currus
1060 1435 1135 1479 unus
1148 1438 1239 1499 equo·

112 1541 181 1583 rum
196 1529 338 1602 quattuor
351 1518 519 1580 iunctorum
535 1533 642 1598 agmen
658 1536 748 1577 unum
762 1516 814 1592 sit,
825 1515 973 1599 pluratiuo
985 1536 1104 1600 semper
1114 1540 1238 1583 numero

117 1620 260 1685 dicendas
282 1630 384 1704 putat,
407 1620 486 1682 sieut
507 1638 591 1681 orma
613 1626 645 1680 et
666 1617 783 1681 moenis
808 1628 839 1680 et
860 1618 979 1682 comitia
1002 1630 1032 1681 et
1052 1619 1235 1685 inimicitias.

67 1733 94 1786 tu
117 1721 208 1788 'l'nnc
224 1722 337 1808 prolato
352 1722 428 1785 libro
442 1721 480 1784 de
495 1719 634 1803 analogia
650 1718 745 1802 primo
762 1719 855 1781 uerba
872 1720 943 1783 haec
960 1741 999 1782 ex
1014 1741 1050 1784 eo
1067 1718 1162 1806 panca
1174 1726 1239 1788 'me-

117 1825 234 1888 moriae
249 1823 406 1888 mundani.
419 1821 501 1886 Nam
517 1843 583 1886 cum
599 1842 691 1905 supra
706 1821 834 1886 dixisset
845 1842 941 1905 nequo
954 1824 1067 1887 caelum
1078 1846 1175 1908 neque
1185 1826 1238 1890 tri·

114 1929 207 1991 ticum
230 1946 325 2010 neque
341 1925 484 1990 harenam
500 1924 696 1988 multitudinis
711 1924 955 2009 significationem
974 1927 1050 2009 pati,
1070 1926 1164 1990 ‘Num
1181 1929 1236 2008 tu‘,

112 2029 226 2113 iuquit,
246 2030 363 2093 ‘harum
386 2048 488 2091 rerum
505 2038 613 2092 natura
629 2027 767 2089 accidere
782 2026 956 2105 arbitraris,
981 2029 1056 2110 quod
1075 2036 1160 2092 unam
1177 2041 1237 2094 ter·

112 2153 175 2197 ram
193 2142 224 2195 et
239 2132 340 2215 plnres
355 2142 455 2194 terras
475 2140 508 2193 et
521 2129 626 2193 nedem
642 2140 673 2191 et
687 2128 777 2191 urbes
794 2139 822 2191 et
837 2128 991 2212 imperinm
1008 2142 1039 2194 et
1054 2132 1177 2217 imperia
1193 2133 1237 2195 di-

67 2221 95 2297 to'
112 2254 235 2310 minus,
259 2254 357 2317 neque
378 2231 535 2316 quadriges
549 2232 581 2295 in
598 2253 685 2297 unam
704 2232 832 2294 nominis
848 2233 971 2314 figuram
987 2235 1125 2320 redigere
1141 2256 1237 2319 neque

115 2336 258 2401 harenam
274 2333 472 2398 multitudinis
487 2334 684 2418 appellatione
700 2344 881 2397 conuertere
897 2335 1084 2417 possimusl'

150 2508 152 2513 ,
545 2459 629 2501 essse
643 2456 804 2501 sscvnovs.

206 2539 332 2605 etant.
345 2561 382 2624 p.
402 2534 463 2603 tttt
477 2536 537 2602 R:
561 2534 600 2603 C.
618 2535 735 2604 Caesar
757 2538 792 2601 de
807 2538 945 2622 anologio
961 2540 1112 2604 secundo:
1136 2541 1233 2626 lagos,

115 2643 252 2730 populos,
271 2645 378 2706 ulmos.

67 2756 88 2808 u
195 2742 428 2831 ldemp.10lls
455 2742 555 2809 Lucet
576 2765 614 2808 an
637 2743 767 2809 loceris?
790 2742 832 2808 Vt
847 2755 952 2823 tenen
977 2766 1061 2828 puer.
1093 2745 1235 2814 Vltimam

113 2847 193 2911 enim
208 2848 341 2911 uocalem
356 2849 383 2911 si
397 2847 547 2912 ablaticus
564 2847 721 2924 omiserit,
733 2847 819 2912 dubit
833 2848 925 2926 scire,
936 2850 1031 2932 qualis
1048 2871 1115 2914 esse
1131 2850 1237 2918 debeat

114 2949 328 3012 nominatiuus.
358 2947 505 3016 Ouidius:
528 2947 614 3015 Mitte
634 2950 716 3014 lacer
736 2972 880 3035 spargere
896 2952 981 3016 locis.
1015 2949 1103 3036 Quod
1119 2955 1161 3018 ita
1178 2958 1233 3021 dici

113 3051 208 3115 docet
220 3047 337 3116 Caesar
354 3053 391 3116 de
406 3053 544 3137 analogia
560 3051 637 3116 libro
651 3054 783 3118 secundo
798 3077 854 3120 nec
871 3078 929 3120 non
946 3067 977 3120 et
992 3054 1119 3141 Valgius
1136 3059 1171 3124 de
1186 3081 1236 3125 re·

110 3152 166 3219 ltus
182 3175 236 3240 per
251 3155 408 3238 epistolam
424 3155 578 3236 quaesitis.

67 3268 89 3319 tt
197 3257 354 3322 Priscian.
365 3279 402 3342 p.
419 3253 483 3335 707
497 3254 557 3320 P.s
581 3255 660 3322 luis
675 3258 843 3323 desinentia
860 3262 997 3342 longam,
1021 3261 1234 3347 cuiuscumque

109 3359 230 3444 generis
246 3360 324 3435 sint,
339 3356 452 3423 Latina
466 3358 565 3424 altlatu
579 3381 595 3424 s
611 3360 710 3424 addita
725 3363 762 3424 tis
779 3362 891 3424 iaciunt
905 3362 1087 3444 genuinum,
1114 3372 1147 3424 ut
1162 3363 1235 3430 baec

113 3461 151 3524 lis
172 3461 235 3524 litis
250 3471 322 3526 cett.
347 3460 408 3526 llic
429 3472 460 3540 et
481 3463 556 3527 ltaeo
573 3460 696 3528 Samnis
712 3465 799 3528 huius
816 3460 972 3527 Samnitis.
998 3460 1051 3528 Sic
1066 3460 1182 3530 Caesar
1197 3469 1233 3533 de

109 3564 260 3647 analogia.

195 3666 280 3732 Idem
295 3667 393 3731 ibide
417 3664 473 3731 llla
494 3688 610 3752 quoqne
630 3680 692 3733 tam
714 3670 746 3735 in
770 3670 796 3734 is
819 3691 904 3753 quam
920 3670 951 3734 in
967 3691 1001 3734 er
1016 3671 1099 3735 finita
1114 3675 1235 3740 nomina

67 3778 85 3831 t)
107 3769 240 3854 regulam
256 3781 382 3835 seruant
395 3770 428 3835 in
442 3791 483 3835 er,
492 3774 721 3837 terminatorum
735 3773 766 3836 id
781 3784 829 3836 est
842 3785 967 3858 accepta
981 3775 1008 3839 is
1023 3776 1138 3842 loeiunt
1149 3782 1233 3864 geui-

107 3871 214 3949 duum,
226 3884 259 3935 ut
274 3873 322 3937 bic
338 3873 436 3958 puluis
452 3884 483 3939 et
497 3874 603 3958 puluer
618 3877 764 3961 pulueris,
777 3878 824 3942 hic
839 3879 970 3943 cucumis
987 3891 1018 3944 et
1034 3902 1172 3947 cucumer
1183 3907 1233 3947 cu·

112 3974 259 4052 cumeris,
282 3973 330 4055 ltic
354 3976 431 4042 cinls
447 3987 477 4042 et
493 3978 577 4043 einer
592 3979 723 4061 cineris,
750 3981 797 4045 hic
812 3983 908 4046 nornis
924 3993 955 4046 et
966 4003 1072 4046 nomer
1085 3985 1230 4050 nomenis.

215 4223 365 4291 dunsttnor
376 4241 428 4278 om.
441 4232 546 4294 regius.
662 4226 765 4292 dsicnt]
775 4228 845 4278 circs
857 4227 920 4278 add.
934 4229 1036 4293 regius.
1100 4243 1104 4249 ·
1149 4229 1179 4282 ll
1190 4245 1234 4280 ne·

106 4313 157 4366 pne
170 4299 286 4352 triticum
298 4304 400 4369 segetes,
410 4304 560 4356 tritienmne
573 4302 747 4369 reliquisve
760 4318 862 4353 omues.
970 4304 1182 4360 ldmnltitudioit
1192 4323 1236 4375 sp-

104 4377 248 4443 pellotione
261 4384 365 4445 regius,
379 4381 406 4433 in
419 4382 594 4434 multitudinis
607 4382 807 4449 appellationem
818 4382 931 4448 reliqui.
1059 4387 1091 4441 21
1106 4403 1120 4437 o
1132 4387 1235 4440 miserit

105 4476 165 4528 ego,
174 4465 291 4518 omiserit
301 4450 364 4518 cdd.
469 4470 550 4520 uendi
561 4468 632 4519 dubit
645 4467 715 4518 duas
721 4471 831 4534 priores
845 4469 956 4521 litteras
968 4473 998 4522 s'n
1010 4472 1102 4524 codice
1114 4473 1172 4536 lagi
1179 4486 1234 4522 nos

100 4550 227 4609 possunt.
368 4548 402 4602 23
416 4547 493 4601 docet
504 4548 679 4613 Bondomus,
693 4549 763 4600 solet
775 4549 854 4602 edd„-
868 4553 897 4600 in
910 4550 969 4603 cod.
983 4553 1059 4604 tosus
1070 4549 1167 4601 adesus
1180 4553 1231 4599 sst.

213 4621 247 4676 25
259 4623 314 4690 lp·
327 4623 379 4679 ldd
390 4623 442 4676 dir.
559 4624 593 4679 2d
607 4625 662 4675 sint
673 4625 778 4689 generis
791 4627 949 4680 Putscdius.
962 4658 965 4663 ·
1064 4625 1153 4676 abiete
1165 4638 1194 4676 cs
1207 4633 1235 4678 et

105 4697 195 4752 additu
206 4701 365 4754 Putscds'us.
406 4698 411 4703 ’
471 4703 506 4758 20
517 4703 570 4771 tp.
583 4702 631 4759 tot
642 4701 692 4756 ttr.
1021 4781 1064 4826 m

1067 4787 1086 4821 e
