2646 5124
440 604 581 677 couti.
598 606 614 673 l
635 606 731 677 cat.
748 608 901 680 41-42.
1231 616 1295 687 eut

108 794 245 861 nentes,
270 802 448 866 summaque
462 781 604 847 alacritas
620 793 651 846 et
665 784 810 869 cupiditas
825 785 894 850 belli
909 784 1031 871 gerendi
1047 786 1151 849 inuata
1167 798 1235 865 est,

116 886 310 971 princepsque
326 884 442 948 decima
457 885 537 970 legio
552 906 607 969 per
621 886 759 949 tribunos
774 887 934 954 militumei
943 890 1056 973 gratias
1065 890 1138 974 egit,
1156 890 1236 972 quod
1251 890 1273 953 2

120 988 151 1053 de
164 1009 198 1054 se
211 990 357 1073 optimum
372 988 513 1052 iudicium
530 988 666 1065 fecisset,
689 1010 782 1072 seque
798 1010 867 1054 esse
883 993 919 1055 ad
942 990 1050 1055 bellum
1072 993 1236 1075 gerendum

121 1092 331 1175 paratissimam
347 1090 547 1154 confirmauit.
586 1088 703 1154 Deinde
724 1093 856 1174 reliquae
877 1093 1010 1177 legiones
1026 1115 1091 1157 oum
1108 1094 1236 1158 tribunis
1251 1092 1273 1159 3

101 1194 237 1259 tailitum
253 1204 289 1257 et
302 1193 467 1277 primorum
483 1194 621 1256 ordinum
636 1194 862 1257 centurionibus
877 1206 1026 1280 egerunt,
1051 1197 1094 1258 oti
1109 1192 1237 1259 Caesari

124 1296 343 1361 satisfacerent:
369 1316 405 1361 se
419 1315 518 1383 neque
532 1316 670 1378 umquam
686 1296 840 1362 dubitasse
862 1317 959 1379 neque
979 1298 1117 1361 timuisse
1140 1316 1238 1377 neque

122 1398 151 1462 le
164 1418 277 1463 summa
291 1396 364 1461 belli
379 1418 467 1461 suum
482 1396 638 1475 iodicium,
654 1397 707 1461 sed
722 1398 991 1482 imperatorisesse
1000 1399 1237 1463 existimauisse.

121 1496 224 1565 dorum
239 1499 455 1564 satisfactione
468 1510 590 1583 accepta
609 1510 641 1563 ct
659 1500 770 1564 itiuere
792 1502 944 1583 exquisito
964 1523 1020 1586 per
1040 1499 1238 1577 Diuitiacum,
1253 1496 1276 1563 d

119 1604 191 1687 prod
203 1624 241 1667 ex
255 1602 325 1667 aliis
341 1602 372 1666 ei
387 1602 549 1667 maximum
564 1602 650 1665 tidem
665 1600 810 1680 babebat,
835 1614 869 1667 ut
883 1605 996 1667 milium
1013 1603 1138 1688 amplius
1153 1603 1239 1685 quin·

77 1710 104 1765 tt
118 1706 254 1789 quaginta
268 1704 399 1769 circuitu
413 1704 490 1767 locis
504 1704 616 1788 apertis
632 1706 797 1768 exercitum
809 1706 945 1781 duceret,
962 1706 998 1769 de
1006 1718 1113 1789 quarta
1122 1704 1238 1787 uigilia,
1274 1780 1277 1785 Ι

119 1819 152 1873 ut
166 1808 302 1885 dixerat,
327 1808 483 1893 proiectus
497 1817 556 1871 est.
598 1803 733 1891 Septimo
749 1808 809 1884 die,
827 1830 894 1871 oum
908 1809 967 1871 iter
982 1829 1042 1871 nou
1058 1804 1275 1872 intermitte-b
1291 1806 1298 1889 2

117 1922 174 1987 ret,
189 1910 227 1973 ab
241 1909 488 1995 exploratoribus
503 1910 616 1974 certior
631 1912 728 1974 lactus
744 1921 792 1973 est
805 1910 954 1973 Ariouisti
970 1911 1072 1994 copias
1091 1932 1109 1973 a
1125 1909 1239 1973 uostris

115 2014 233 2079 milibus
254 2034 397 2099 passuum
421 2023 563 2097 quattuor
584 2022 613 2077 et
634 2024 687 2076 xx
700 2013 821 2077 abesse.
860 2009 991 2097 Cognito
1014 2010 1159 2077 Caesaris
1182 2010 1234 2073 ad·
1248 2008 1295 2079 42

114 2128 207 2181 uentu
223 2116 400 2181 Ariouistus
414 2114 530 2200 legatos
546 2117 583 2179 ad
599 2136 664 2180 eum
680 2116 790 2179 mittit:
820 2117 897 2198 quod
921 2127 1009 2180 antea
1031 2116 1068 2179 de
1091 2114 1239 2196 colloquio

70 2228 94 2281 u
112 2220 319 2304 postulasset,
340 2220 372 2283 id
390 2238 446 2303 per
465 2218 579 2282 sederi
602 2219 714 2297 licere,
742 2220 881 2301 quoniam
897 2218 1019 2303 propius
1035 2218 1238 2291 accessisset,

114 2342 214 2405 seque
229 2322 262 2385 id
277 2320 344 2383 sine
356 2320 481 2403 periculo
497 2322 598 2385 lacere
615 2341 704 2405 posse
719 2320 906 2384 existimare.
944 2318 1018 2383 Non
1039 2319 1153 2401 respuit
1168 2315 1277 2380 eon-2

115 2425 273 2489 dicionem
290 2418 403 2487 Caesar
421 2424 537 2507 iamque
553 2445 619 2489 eum
643 2428 681 2490 ad
702 2422 861 2487 sanitatem
886 2422 1002 2486 reuerti
1026 2419 1240 2495 arbitrabatur,

113 2548 180 2591 eum
196 2526 242 2605 id,
260 2524 337 2609 quod
351 2528 762 2615 auteapeteutideuegasset,
778 2530 858 2592 ultro
867 2526 1072 2610 polliceretur,
1090 2514 1277 2603 maguam-3

114 2650 173 2713 que
191 2629 226 2693 in
248 2650 333 2715 spero
355 2628 497 2693 ueniebat
517 2652 573 2714 pro
595 2633 658 2696 suis
679 2633 772 2695 tantis
794 2632 954 2716 populique
975 2624 1105 2690 llomaui
1127 2624 1160 2685 in
1175 2641 1242 2685 eum

67 2740 96 2795 ts
113 2731 268 2797 beneflciis
289 2731 420 2819 coguitis
441 2732 505 2797 suis
527 2735 685 2819 postulatis
709 2738 785 2814 lore,
812 2736 854 2797 oti
872 2728 1036 2817 pertinacia
1065 2726 1237 2790 desisteret.

116 2832 192 2899 tticc
206 2833 368 2919 conloquio
383 2834 482 2899 dietus
496 2846 544 2899 est
558 2857 600 2899 ex
615 2857 652 2900 eo
667 2837 715 2901 die
730 2840 864 2920 quintus.
900 2832 1024 2897 luterim
1048 2849 1138 2913 saepo
1160 2828 1240 2893 ultro
1254 2823 1277 2890 d

114 2938 250 3022 citroque
273 2960 344 3002 cum
366 2937 457 3021 legati
478 2938 559 3001 iuter
580 2960 634 3003 eos
649 2941 857 3015 mitterentur,
878 2937 1049 3001 Ariouistus
1064 2930 1239 3017 postulauit,

114 3060 256 3125 nequem
271 3039 404 3126 peditem
419 3040 456 3101 ad
472 3040 657 3125 conloquium
675 3038 792 3107 Caesar
807 3041 986 3104 adduceretz
1011 3035 1112 3101 uereri
1132 3056 1178 3112 se,
1203 3052 1241 3097 ue

117 3164 169 3229 per
182 3144 312 3211 insidias
327 3143 365 3206 ab
382 3161 418 3207 eo
434 3144 723 3208 circumueniretur:
741 3156 867 3224 uterque
883 3165 949 3206 cum
960 3142 1092 3223 eqtritatu
1103 3138 1240 3201 uenirete

78 3252 101 3304 tt
116 3246 171 3310 alia
184 3248 307 3311 ratione
322 3266 392 3311 sese
407 3266 468 3309 uon
483 3266 551 3309 csse
566 3258 738 3310 uenturum.
774 3242 907 3319 Cacsar,
931 3244 1010 3325 quod
1030 3260 1125 3322 noque
1141 3231 1279 3299 conlo-b

119 3349 215 3431 quium
230 3348 410 3433 interposita
428 3369 518 3411 causa
536 3349 597 3412 tolli
614 3348 735 3411 uolebat
749 3345 980 3431 nequesalutem
991 3364 1075 3406 suam
1086 3338 1244 3402 Gallorum

122 3450 266 3533 equitatui
280 3452 466 3516 committere
480 3450 621 3529 audebat,
640 3450 911 3514 commodissimum
928 3467 997 3511 esse
1020 3442 1128 3507 statuit
1150 3436 1245 3503 omni-

122 3550 172 3617 bus
187 3551 277 3637 equis
293 3550 387 3618 Gallis
403 3554 553 3638 equitibus
568 3556 713 3619 detractis
728 3576 764 3617 eo
780 3552 963 3636 legionarios
985 3547 1094 3613 milites
1117 3538 1245 3627 legionis
1256 3569 1288 3689 p

128 3654 272 3734 decimae,
294 3656 341 3720 eui
363 3678 453 3741 quana
476 3658 608 3723 maxime
624 3657 810 3735 confidebat,
835 3656 991 3739 inponere,
1017 3660 1049 3714 ut
1064 3644 1242 3733 praesidium
1274 3652 1278 3659 '

224 3840 316 3893 ΜΕ
328 3856 383 3891 ⁰¹²1·
400 3842 433 3893 C·
536 3844 553 3894 d
567 3840 672 3911 deinde]
686 3841 796 3908 deniqne
811 3840 835 3891 b.
941 3852 998 3888 eum
1011 3831 1123 3885 tribunis
1136 3858 1169 3869 -
1182 3843 1243 3879 een·

132 3916 264 3969 ‘mm'
279 3918 306 3968 Α
313 3916 379 3979 ΒΕ,
392 3933 441 3984 per
453 3918 572 3969 tribunos
584 3945 619 3957 -
631 3920 799 3971 centuriones
814 3918 837 3969 C
844 3919 857 3967 l
870 3913 996 3980 bdcset
1007 3928 1059 3962 see.
1073 3924 1110 3960 su.
1121 3908 1155 3959 B.

135 3988 195 4061 iuri]
207 4008 255 4061 per
267 4008 316 4043 eos
328 3992 581 4061 udd.C.'bdeset
593 4010 646 4045 aee.
659 4012 696 4045 m.
710 3993 744 4045 B.
832 3990 902 4057 dee]
922 4004 1001 4055 seque
1015 3988 1040 4038 b.
1128 3996 1244 4071 oecum-

136 4082 193 4133 l¹⁸tu
207 4072 755 4140 ABE(unuqussuAlls,uoaunquusu).
844 4066 1044 4119 iesseom.A·
1140 4058 1243 4111 cutur-

137 4146 214 4203 tiseun
223 4164 322 4217 m-pr.
337 4150 371 4201 B.
441 4152 502 4203 sex
514 4152 574 4203 aliis
588 4153 613 4203 ei
625 4152 713 4204 causis
727 4149 802 4200 fldem
816 4148 950 4197 murinam
964 4145 989 4195 b.
1078 4141 1245 4205 t³quuttoor

65 4250 69 4329 b
140 4230 196 4371 33
204 4228 243 4294 Β,
256 4244 286 4279 w
297 4234 490 4357 eetobtilibionem
500 4230 534 4357 ἵ
546 4216 1245 4364 ¹3:4⁰„diuolnfiegxissbmlf⁰²poenasqussffibfflfflt

65 4378 72 4501 'p
143 4390 199 4449 tttpe
210 4384 280 4435 ultro
293 4383 415 4449 citroque
427 4400 484 4434 eun
497 4384 524 4436 A
529 4383 584 4435 BE
594 4384 670 4434 ‘msc
680 4378 824 4449 plen'pue',
837 4394 894 4431 enm
908 4391 987 4443 saepe
999 4375 1069 4426 ultro
1080 4373 1199 4439 citroque
1212 4382 1243 4417 u:

66 4503 71 4518 ·
142 4456 182 4522 ’Π
188 4476 240 4515 nn
252 4462 337 4530 tectu
346 4464 412 4529 post
423 4474 502 4527 saepe
512 4464 645 4525 poctsur:
660 4474 738 4528 saepe
750 4464 882 4511 inuuere.
893 4455 925 4515 C,
940 4468 993 4504 om.
1009 4453 1034 4502 b.
1111 4448 1144 4500 23
1159 4444 1247 4497 conlo-

66 4520 70 4611 Ξ
144 4536 208 4595 tuiun
219 4540 251 4593 B.
351 4538 704 4607 liuterqnereduterqne
720 4538 744 4590 b.
832 4534 866 4591 25
881 4530 1094 4584 seseAE‘mss.
1108 4525 1144 4587 θ’,
1158 4536 1185 4571 se
1197 4518 1247 4579 (B)

146 4620 275 4683 '‘m-⁶!-
382 4616 548 4683 ‘wiltuniam
562 4616 594 4669 B·
685 4607 1010 4676 27esseom.m.pr.b.
1115 4594 1247 4661 lbeolln

148 4698 177 4739 Μ
187 4694 207 4743 Β
216 4696 246 4745 C·
352 4694 386 4746 ²9
399 4692 487 4760 qoam]
501 4694 569 4761 quod
584 4696 607 4745 ,d
618 4700 648 4746 et
658 4710 694 4745 m.
707 4709 752 4760 ps.
765 4694 797 4744 B.
902 4689 1027 4753 inponere
1042 4677 1125 4742 aus,
