2646 5124
505 577 806 644 ...M-4..

94 756 249 823 urbanitas
265 753 501 830 desideraretur,
517 750 673 815 doctrinae
687 749 773 833 copia
789 748 950 814 elliciebat.
976 745 1021 811 Et
1041 758 1145 813 tsnaeu
1167 746 1201 815 H-

93 860 254 946 spaniensc
270 868 353 922 certe
368 856 477 920 bellurn
494 874 553 915 nou
569 848 720 917 Varronis
735 850 877 935 scriptis,
894 850 946 914 scd
964 848 1108 917 Vitruuio
1123 853 1201 935 potin

93 961 324 1044 comparandum
341 968 400 1022 est:
426 954 530 1038 ltaque
545 955 617 1018 mibi
633 955 749 1039 quidem
766 952 1014 1017 uerisimillimunr
1029 954 1156 1017 uidetur
1169 954 1201 1021 br

94 1064 187 1127 libros
203 1060 239 1124 ab
256 1059 408 1124 inferioris
423 1057 610 1121 condicionis
626 1054 794 1121 bominibus
808 1055 940 1139 scriptos
954 1074 1036 1119 esse.
1062 1056 1171 1143 Atque
1182 1068 1201 1121 ta

93 1167 115 1233 li
131 1164 242 1229 bomini
259 1173 290 1227 et
312 1161 469 1227 immodica
491 1169 581 1241 atque
604 1158 715 1223 inscita
736 1155 986 1240 Pompeianorum
1009 1158 1201 1241 reprehensi«

96 1267 293 1333 uehementer
306 1264 358 1328 illa
373 1263 410 1328 ab
428 1261 527 1326 Hirtio
543 1260 660 1341 aliena,
677 1270 832 1345 postquam
848 1280 907 1323 una
923 1280 990 1323 cum
1013 1260 1157 1344 reliquiis
1180 1284 1201 1327 u

94 1379 211 1434 ctarum
227 1367 355 1452 partium
375 1365 587 1448 rempublicam
609 1362 854 1439 administrabat,
879 1372 911 1425 et
930 1360 1052 1425 curiosa
1074 1360 1201 1429 bonorru

94 1471 209 1536 notatio
224 1467 387 1545 conuenit,
404 1487 482 1554 quae
497 1466 528 1531 iu
542 1468 638 1531 altero
654 1465 778 1531 meliore
793 1463 1009 1530 commentario
1024 1464 1201 1547 deprebeud

94 1595 172 1639 mus.
204 1568 290 1654 Quae
305 1580 405 1635 auteur
422 1568 582 1654 peculiaris
597 1567 702 1631 borum
718 1567 870 1633 bominum
886 1565 1023 1631 condicio
1039 1566 1156 1647 fuerit,
1182 1589 1202 1633 u

94 1676 134 1739 bil
151 1686 264 1739 temero
279 1671 513 1750 affirmauerim,
536 1690 651 1755 neque,
674 1669 752 1753 quod
774 1668 919 1735 inferiore
934 1668 1114 1733 condicione
1131 1670 1201 1735 fuist

94 1777 179 1854 dixi,
202 1796 290 1858 quam
305 1774 355 1857 qui
371 1772 402 1837 in
420 1772 652 1837 familiaritatem
667 1782 758 1854 atque
774 1771 1021 1836 cousuetudinem
1036 1790 1201 1837 summortu

93 1878 126 1942 iu
140 1876 292 1961 republica
307 1875 440 1939 uirorum
456 1873 617 1958 peruenire
632 1872 802 1958 potuerint,
827 1873 984 1959 gregarios
999 1872 1113 1939 milites
1128 1873 1201 1939 fuist

93 1980 205 2045 iudico.
236 1976 317 2043 Nam
334 1977 479 2043 militares
495 1976 611 2058 quidem
628 1975 764 2040 bomiues
785 1976 879 2039 fuisse
894 1975 997 2059 stipsi
1011 1986 1201 2041 commentar

93 2084 221 2154 docent,
246 2090 277 2144 et
292 2081 329 2147 de
343 2079 414 2143 belli
428 2077 640 2162 Hispaniensis
655 2076 805 2161 scriptore
820 2097 857 2141 eu
871 2097 922 2141 res
936 2077 1030 2159 ipsius
1045 2078 1201 2143 testimoni

93 2193 212 2253 constat
227 2180 310 2263 (bb,
333 2178 386 2258 li).
418 2179 462 2244 Aa
475 2180 622 2265 quomodo
639 2182 749 2243 factum
765 2190 832 2256 est,
856 2190 890 2243 ut
906 2180 1051 2244 eiusnodi
1068 2180 1201 2247 bomiuur

95 2288 201 2352 sordes
217 2304 282 2348 cum
299 2279 443 2351 Caesaris
459 2280 609 2363 Hirtiique
624 2281 746 2366 scriptis
767 2281 1046 2365 coniungerentur?
1079 2280 1201 2348 Vidimu

93 2386 227 2452 Hirtium
243 2385 474 2450 commentarios
498 2384 729 2466 occupatissimo
744 2394 878 2469 tempore
894 2384 1027 2449 scribere
1042 2405 1201 2470 aggressus

94 2511 174 2555 esse.
206 2488 288 2552 Num
312 2487 403 2569 igitur
424 2485 619 2568 improbabile
642 2486 806 2563 uidebitur,
831 2486 858 2550 si
881 2507 947 2549 cunr
969 2486 1007 2550 ad
1027 2488 1201 2554 minuendus

95 2592 240 2669 laborem,
257 2588 434 2674 praesertim
449 2609 515 2651 cum
527 2586 673 2652 Africano
685 2588 763 2653 bollo
776 2609 835 2655 non
850 2589 1048 2669 interfuisset,
1065 2591 1124 2655 sibi
1139 2612 1201 2657 con

94 2693 259 2757 amentarius
274 2690 311 2755 ab
326 2690 393 2753 aliis
409 2688 560 2755 faciendos
576 2710 700 2754 curasse
716 2691 860 2770 dicemus,
878 2693 956 2757 unde
970 2693 1036 2777 ipse
1049 2714 1101 2758 res
1116 2704 1201 2779 gesta

92 2794 124 2857 in
140 2794 203 2858 suis
219 2793 441 2857 commentariis
457 2793 668 2876 componendis
684 2795 820 2876 peteret?
855 2792 900 2855 At
922 2795 1067 2859 eiusmodi
1090 2798 1201 2863 consili

94 2907 159 2965 tota
174 2896 278 2959 borum
293 2894 437 2959 librorum
460 2896 556 2957 forma
578 2895 687 2977 optimc
710 2896 883 2978 respondet.
915 2893 1037 2962 Summa
1061 2899 1201 2983 diligenti

93 2998 126 3063 in
141 2997 309 3062 referendis
324 2996 414 3060 rebus
429 2998 543 3082 gestis,
567 2998 708 3081 temporis
729 2999 802 3061 ordo
824 3010 965 3063 accurate
987 3012 1127 3064 seruatus
1150 3000 1200 3066 bui

76 3102 137 3199 'rei
153 3100 306 3186 aptissima
323 3101 455 3164 fuerunt.
486 3097 596 3183 Neque
612 3100 800 3184 elegantibus
821 3102 990 3166 bominibus
1012 3104 1049 3167 ad
1071 3122 1138 3167 esur
1154 3124 1201 3169 rer

93 3225 167 3288 opus
183 3213 250 3268 erat
264 3207 348 3284 (nam
363 3214 458 3269 artem
475 3203 539 3287 ipse
552 3201 670 3267 Hirtius
686 3213 753 3267 erat
767 3203 941 3285 allaturus),
959 3206 1010 3267 scd
1027 3205 1078 3288 qui
1092 3216 1146 3269 aut
1161 3207 1201 3292 ipt

92 3307 184 3375 rebus
199 3306 339 3391 gerendis
354 3306 565 3373 interfuissent
579 3316 632 3371 aut
646 3306 675 3369 in
692 3306 897 3390 percontando
920 3328 937 3369 a
954 3307 1058 3390 peritis
1073 3309 1201 3373 euoluon

94 3407 198 3491 disque
211 3410 339 3489 litteris,
363 3411 391 3473 si
414 3432 492 3497 quae
514 3412 551 3473 de
568 3409 614 3471 bis
630 3408 720 3472 rebus
736 3409 902 3483 extabant,
925 3408 1102 3473 industriam
1125 3419 1199 3493 atqu

93 3509 278 3593 diligentium
308 3512 496 3576 adhiberent.
535 3510 597 3573 Alii
620 3520 719 3574 autem
742 3510 853 3575 bomini
883 3510 991 3575 bellurn
1022 3510 1201 3575 Africanum

93 3611 144 3674 alii
155 3609 357 3693 Hispaniense
372 3610 614 3695 perscribendum
631 3613 828 3677 mandabatur
842 3615 907 3677 siue
922 3614 960 3679 nd
975 3614 1151 3677 conficiendi
1167 3634 1201 3679 cc

92 3711 242 3776 feritatem
259 3713 324 3775 siue
339 3712 409 3793 quia
423 3713 567 3777 eiusmodi
584 3713 719 3779 homines
743 3717 981 3798 quaerebantur,
997 3712 1058 3799 'qni
1078 3736 1129 3780 res
1151 3737 1201 3800 ger

92 3815 250 3879 uidissent.
275 3812 355 3879 Noun
371 3815 428 3879 etsi
444 3815 574 3898 scriptor
589 3816 697 3900 prioris
713 3818 780 3881 libri
798 3819 871 3882 nibil
886 3818 1031 3883 eiusmodi
1046 3818 1083 3881 dc
1097 3837 1131 3881 se
1147 3840 1201 3905 pro

93 3917 179 3994 didit,
198 3927 297 3983 minen
313 3919 387 3981 adeo
403 3928 542 3982 accurate
559 3919 606 3984 ucl
622 3920 719 4002 spatia
734 3921 876 4006 temporis
891 3931 981 4004 atquc
996 3920 1157 3984 interualla
1171 3922 1201 3985 lo

94 4040 197 4083 corum
214 4020 318 4098 nouit,
344 4031 377 4084 ut
397 4041 464 4085 cum
480 4022 510 4085 iu
527 4023 665 4087 exercitu
682 4024 775 4089 foisse
790 4025 921 4087 maxime
936 4023 1099 4087 uerisimile
1115 4025 1201 4089 nideu

94 4132 153 4185 tur.
186 4119 293 4205 ltaque
309 4145 375 4187 cum
388 4121 505 4191 Hirtius
522 4127 637 4192 duobus
653 4127 874 4192 commentariis
891 4125 1037 4191 confectis
1053 4138 1150 4191 morte
1165 4148 1201 4191 ou

92 4235 218 4307 capatus
233 4236 334 4302 esset,
360 4227 413 4290 bos
429 4228 503 4294 duos
519 4229 555 4293 do
571 4230 648 4293 bello
663 4229 810 4295 Africano
826 4240 857 4292 et
876 4228 1070 4313 Hispaniensi
1085 4229 1201 4294 interli

91 4326 163 4390 bros
183 4327 251 4390 eius
267 4327 406 4393 inuentos
421 4330 545 4414 reliquis
568 4333 702 4397 adiectos
724 4355 794 4398 esse
816 4344 906 4416 atque
926 4333 968 4397 ita
992 4341 1084 4395 totum
1106 4352 1201 4417 corpu

92 4430 374 4494 commentariorum
389 4433 498 4497 editum
514 4435 668 4501 existimo.

179 4528 423 4598 Commentarios
438 4548 535 4601 autem
552 4538 606 4603 bos
622 4539 715 4603 libros
730 4560 747 4604 a
764 4536 899 4605 Caesare
914 4540 1043 4621 itemque
1060 4536 1097 4601 ob
1114 4535 1201 4601 Hirtia

91 4653 160 4700 esse
175 4634 337 4719 inscriptus
354 4637 525 4705 testimonio
540 4654 660 4709 constat
676 4640 834 4711 Ciceronis
849 4641 938 4709 Brut.
955 4640 1010 4722 75,
1026 4637 1102 4720 262,
1121 4637 1201 4705 Hirti
