2646 5124
459 124 793 189 -101-

75 400 186 463 baeorta
197 400 327 463 uidetur:
342 396 423 481 ‘Ipse
429 398 686 483 imperatreliquis
694 400 866 465 ciuitatibus
876 400 995 467 obsides
1004 343 1188 490 dqffiquenqp

71 502 106 566 rei
120 503 294 567 constituit:
318 522 424 566 omnes
445 501 571 585 equites'
586 512 674 580 cett,
698 503 740 565 its
762 515 813 581 ut,
837 524 903 567 oum
919 524 1026 569 errore
1040 507 1185 592 seriptum

69 615 141 669 esset
155 602 320 688 ‘denique’
342 614 374 668 et
398 604 447 668 ‘ei
462 603 507 667 rei
517 602 538 677 ⁹,
561 604 609 667 net
635 624 725 687 supra
747 626 800 669 eas
824 626 915 670 noces
931 606 980 671 net
999 607 1031 670 iu
1045 612 1184 695 margine

66 708 220 791 ascriptum
237 707 410 771 existimem
428 708 518 770 ‘diem
534 705 624 784 buie'‚
641 707 858 790 quo‘diemque
872 708 942 770 huie
957 707 1013 771 rei'
1029 712 1183 797 oorrigen·

64 811 121 874 dnm
136 832 208 874 esse
225 811 462 895 significaretur.
496 807 560 872 Eae
576 830 666 872 uoces
682 809 808 884 deiude,
833 821 866 872 ut
885 830 976 894 saepe
997 812 1106 875 iactum
1122 826 1180 894 est,

62 914 147 977 alieno
156 914 229 976 ioeo
238 912 432 988 instassent,
443 921 535 994 etpru
546 910 635 974 ‘boio'
645 922 809 994 peruagata
819 933 923 976 errore
937 912 1017 976 ‘bue'
1027 916 1181 998 seriptum.

134 1011 175 1078 C.
193 1012 252 1091 65,
271 1014 339 1078 bin
355 1014 401 1077 bis
416 1013 536 1077 uerbisr
557 1012 683 1076 ‘Eorum
700 1016 844 1092 aduentu,
862 1015 939 1097 quod
954 1014 1052 1079 miuus
1067 1017 1183 1083 idoneis

60 1120 132 1202 equis
147 1116 335 1193 utebantur,
359 1136 377 1178 a
400 1116 528 1179 tribunis
544 1116 668 1180 miiitum
690 1116 887 1199 reliquisque,
912 1119 964 1181 sed
981 1129 1012 1181 et
1034 1118 1183 1202 equitibus

60 1219 198 1284 itooranis
214 1230 309 1304 atqoe
325 1219 460 1282 euocatis
476 1240 566 1302 equos
582 1220 673 1283 sumit
689 1216 908 1302 Germanisque
923 1220 1083 1284 distribuit'
1100 1233 1183 1289 reete

58 1322 103 1386 iila
118 1325 182 1386 ‘sed
200 1323 243 1386 et’
260 1333 334 1386 ente
349 1317 536 1407 scaligerum
552 1321 776 1385 omittebautur.
823 1320 902 1386 Nam
919 1334 952 1386 ut
976 1324 1029 1387 ‘et'
1049 1326 1181 1409 partien-

58 1426 343 1502 ennaremus,
361 1445 447 1508 (ροισι
457 1420 619 1489 Caesarem
630 1444 787 1506 numquam
800 1425 830 1487 in
846 1426 1026 1490 intendendo
1042 1429 1179 1510 posuisse

58 1550 82 1611 p.
96 1527 137 1592 6⁹
151 1527 283 1606 monui,
306 1526 377 1610 quid
399 1526 442 1590 ita
457 1526 623 1590 mirabilius
638 1538 706 1591 erat
719 1527 756 1590 ab
770 1527 916 1609 equitibus
924 1524 1069 1593 Romanis
1086 1550 1179 1613 equos

58 1643 187 1715 sumptos
202 1650 276 1694 esse
291 1649 378 1711 ροισι
393 1650 412 1692 a
428 1629 574 1707 tribunis,
600 1650 656 1712 qua
671 1648 731 1692 nna
748 1629 863 1691 ratione
879 1630 1071 1694 aduersatiua
1087 1632 1180 1715 parti-

58 1733 119 1795 ouia
132 1734 206 1817 poni
220 1733 359 1816 poterat?
395 1712 477 1794 ldem
492 1741 591 1796 autem
606 1731 711 1796 uitium
727 1743 880 1805 remanet,
905 1732 1021 1796 etiamsi
1037 1733 1177 1814 aiterum,

60 1835 133 1916 qnod
150 1833 355 1917 ‘reliquisque'
371 1833 447 1897 nibil
462 1832 562 1911 babet,
580 1853 637 1915 quo
652 1835 813 1910 referatur,
837 1834 878 1896 ita
893 1855 1123 1914 remaneamus,
1146 1846 1181 1900 ut

61 1937 208 2000 exoidisse
229 1935 404 2000 uocabulum
420 1936 539 2019 aliquod
561 1946 738 2001 statuamus.
787 1932 887 1999 Verba
919 1938 988 1999 ‘sed
1009 1937 1058 1998 et'
1086 1936 1123 2000 ab
1143 1956 1179 2001 eo

60 2039 182 2125 meripta
199 2048 288 2116 sunt,
314 2039 365 2122 qni
388 2039 524 2102 tribunos
546 2038 670 2101 militum
692 2040 723 2102 in
747 2039 879 2121 equiturn
898 2037 1103 2102 Romanorum
1125 2057 1179 2101 nn-

60 2161 162 2208 merum
178 2142 289 2206 referri
306 2162 367 2205 ιιοιι
382 2162 471 2224 posse
486 2141 673 2205 existimaret
686 2152 716 2205 et
727 2142 781 2204 bos
798 2141 834 2204 ab
848 2141 910 2205 iilis
923 2140 1176 2225 separareueliet.

60 2240 110 2307 Sed
130 2243 272 2308 tribunos
294 2243 419 2307 rnilitum
440 2243 498 2306 iam
519 2244 701 2328 temporibus
723 2243 836 2306 liberae
857 2242 1040 2325 reipublicae
1063 2243 1178 2326 equites

59 2344 205 2410 domnos
220 2346 318 2410 busse
340 2347 399 2426 (de
417 2345 608 2410 inferioribus
632 2347 710 2410 enim
726 2347 755 2409 id
772 2346 847 2409 satis
863 2356 965 2409 nauum
981 2352 1045 2429 est)
1069 2348 1177 2411 dudum

59 2444 174 2535 Lipsius
189 2449 229 2512 de
244 2448 310 2511 mii.
327 2446 415 2511 Rom.
439 2445 489 2525 lt,
511 2446 532 2512 9
554 2448 782 2512 demonstrauit.
814 2445 892 2512 Nam
915 2448 1071 2534 Appianus
1094 2446 1173 2513 Pnn.

57 2573 80 2614 σ.
95 2550 157 2615 tut
172 2551 284 2616 anulos
300 2570 409 2614 aureos
424 2570 476 2614 eos
491 2561 627 2634 gestasse
642 2553 754 2615 refert:
780 2548 798 2616 ὁ
818 2550 972 2619 Σκιπίων
982 2551 1060 2620 sosoi
1072 2549 1177 2627 λύσας

55 2656 116 2722 seir
129 2651 361 2743 σίχμσλιὶτων
370 2656 505 2739 ἔπεμψε
519 2653 603 2739 πρὸς
615 2646 827 2740 Ἀσδρούβαν
839 2657 897 2722 soi
905 2648 1178 2743 supposititium

54 2758 128 2832 sede
142 2754 360 2846 χιλιάρχους.’
382 2753 419 2822 ‘0
433 2750 734 2841 δ’ἒρσυνησιὶμινοσ
756 2756 798 2822 soi
821 2756 922 2841 νεκροὶ
948 2756 1005 2820 ναὶ
1027 2750 1096 2821 dud
1119 2755 1180 2838 τῆς

55 2859 236 2947 σφραγῖδος
250 2853 359 2945 eripuis
382 2857 642 2949 (χρυσοφοροῦσι
663 2855 728 2942 yoip
750 2857 820 2924 τῶν
843 2857 1124 2942 στρατευομένων
1146 2861 1180 2923 oi

54 2966 220 3053 χιλίαρχοι
236 2962 308 3029 τοῖν
329 2955 520 3029 ἐλαττόνων
537 2952 877 3047 σιδηροφορούντων)
899 2964 1028 3044 &eques
1044 2950 1178 3055 oriendo

54 3066 95 3131 Et
108 3069 186 3152 spod
202 3068 300 3151 ipsum
315 3063 479 3130 Caesarem
495 3064 559 3127 bor.
578 3084 685 3126 eornm.
704 3059 769 3140 ΠΙ,
792 3062 825 3135 7,
845 3060 865 3125 3
880 3082 944 3124 oum
961 3072 1114 3124 narratum
1130 3054 1190 3124 es-'

55 3178 100 3233 set
113 3169 285 3255 praefectos
308 3162 504 3250 tribunosque
527 3166 651 3230 militum
673 3166 842 3249 complures
864 3186 882 3227 a
900 3162 1025 3227 Venetis
1041 3163 1178 3245 reliquis-

54 3294 109 3355 que
121 3269 285 3335 maritimis
301 3268 474 3333 ciuitatibus
488 3279 624 3332 retentos
640 3288 727 3344 esse,
752 3262 870 3331 Caesar
891 3265 977 3349 panio
992 3275 1060 3349 post
1075 3286 1102 3327 σ.
1122 3259 1176 3337 10,

53 3372 138 3439 iens
152 3372 289 3438 iniurius
299 3381 484 3435 retentorum
509 3372 638 3454 equiturn
654 3367 858 3433 Romanorum
883 3368 1029 3451 appellat,
1054 3365 1102 3449 qui
1126 3363 1177 3426 alii

55 3496 118 3540 esse
133 3495 198 3541 non
213 3483 341 3558 possunt
355 3494 443 3557 qnam
465 3471 577 3535 tribuni
599 3470 724 3534 rnilitum
748 3471 967 3555 praefectique,
991 3490 1066 3551 quos
1088 3475 1179 3528 antea

55 3589 190 3643 retentos
205 3576 339 3640 dixerat.
370 3573 490 3639 Deinde
504 3573 534 3636 b.
552 3573 614 3636 ein.
630 3569 657 3648 Ι,
674 3569 729 3649 67,
753 3570 775 3634 2
789 3572 825 3634 de
841 3570 1065 3635 centurionibus
1080 3579 1113 3631 et
1127 3565 1180 3628 tri-

56 3678 141 3744 bunis
161 3677 455 3752 militauerant,
489 3675 539 3760 qui
560 3675 637 3759 apud
660 3668 824 3737 Caesarem
847 3680 1075 3747 remanserant,
1105 3667 1180 3729 haee

57 3780 213 3867 degustare
241 3781 455 3845 ‘centuriones
476 3779 509 3842 iu
529 3778 645 3862 priores
661 3776 800 3848 ordines,
833 3775 948 3857 equites
972 3771 1127 3835 Romanos
1149 3768 1180 3830 in

57 3885 249 3951 tribunicium
263 3881 400 3949 restituit
420 3880 596 3957 bonore'm',
619 3878 670 3942 nbi
694 3877 810 3960 equites
824 3874 980 3939 Romanos
1002 3872 1061 3936 dioi
1082 3870 1180 3945 uides,

60 3987 106 4069 qui
120 3987 234 4052 tribuni
250 3987 373 4050 inerant
385 3985 418 4049 in
432 3983 573 4048 exercitu
589 3980 720 4045 Afranii.
751 3977 833 4043 Nam
860 3979 903 4040 ‘in
918 3977 1037 4061 priores
1052 3971 1182 4037 ordines'

61 4100 139 4153 reete
153 4110 191 4154 eo
206 4084 467 4153 loooCiaooouius
481 4085 623 4162 oonieoit,
642 4103 708 4145 enm
724 4082 755 4145 in
770 4080 858 4144 oodd.
875 4078 994 4162 legatur
1011 4072 1186 4156 ‘ampliores

63 4190 193 4259 ordines’
217 4192 336 4261 omissa
355 4189 599 4277 praepositiones
624 4185 784 4272 ampliores
806 4192 905 4247 autem
930 4177 1052 4243 ordines
1066 4190 1128 4234 non
1144 4167 1188 4233 di·
