2646 5124
65 771 93 825 ιι
106 761 266 843 deiecta')‚
283 764 457 826 necessario
472 774 584 842 tamen,
602 776 636 829 ut
650 765 786 849 proxima
802 764 924 852 adiungi
940 783 1081 852 possent,

64 866 158 929 udum
174 874 262 942 erat,
284 884 341 947 qua
356 865 475 930 ratione
491 867 599 931 milites
615 867 660 931 illi
675 864 871 947 Caesariani,
895 871 945 952 qui
960 883 1078 954 partem

64 968 230 1045 decerem,
255 966 287 1031 iu
309 977 486 1051 potestatem
501 969 715 1054 oppidanorum
732 971 949 1053 peruenissent.
988 973 1078 1038 Alte·

64 1072 188 1148 tectum
207 1090 295 1153 quern
309 1080 377 1152 post
399 1071 594 1134 ‘conseruati’
611 1072 728 1143 notam,
745 1072 808 1135 solu
824 1073 939 1154 quidem
955 1085 1078 1140 senteu-

64 1174 80 1239 d
102 1172 300 1259 apertissime
321 1172 446 1237 iudicat.
476 1172 558 1237 Nam
579 1194 678 1256 neque
695 1173 805 1237 milites
821 1171 1023 1241 Caesarianos
1037 1179 1076 1241 ab

67 1277 316 1343 iseouseruatos
337 1274 491 1359 probabile
513 1286 561 1339 est
576 1271 740 1339 Caesarem
756 1295 882 1353 orasse,
908 1286 942 1339 ut
963 1278 1077 1361 pracsi-

64 1379 259 1464 ompeiauuru
276 1377 457 1451 dimitteret,
481 1388 531 1454 et,
555 1386 590 1439 ut
612 1377 668 1440 boe
683 1376 724 1440 ita
742 1378 852 1440 lactum
868 1392 970 1456 esset,
995 1390 1078 1445 certe

64 1504 96 1545 ιι
112 1492 203 1560 erat,
228 1501 315 1563 quem
331 1489 488 1558 orassent,
505 1480 636 1561 itemque
658 1479 822 1562 oppidanos
839 1481 964 1544 dedendi
980 1482 1078 1566 oppidi
1154 1525 1157 1531 -

64 1606 98 1649 ιιι
120 1584 243 1669 cepisse
265 1592 298 1647 ct
318 1592 421 1667 captos
442 1581 553 1644 milites
576 1576 780 1646 Caesarianos
802 1582 959 1647 remisisse
980 1583 1078 1667 iisque

64 1706 121 1765 se,
146 1696 181 1751 ut
195 1685 390 1750 condiciones
405 1684 531 1749 dedendi
546 1684 643 1767 oppidi
659 1684 695 1747 ad
712 1680 877 1748 Caesarem
892 1686 1076 1769 perterrent.

79 1789 248 1875 oppidanos
270 1808 325 1871 per
344 1788 461 1871 legatos
484 1807 526 1850 ex
547 1808 603 1850 suo
626 1807 752 1851 numero
767 1787 961 1852 condiciones
977 1788 1076 1873 perle-

64 1910 192 1955 eurasse
203 1889 347 1953 interiora
359 1891 468 1954 docent
491 1886 549 1952 ‘lbi
567 1910 635 1952 cum
654 1890 686 1954 in
698 1892 834 1975 oppidum
847 1891 1071 1955 reuertisseut':

63 1993 134 2059 raim
143 1988 351 2057 Caesarianos
367 1993 477 2057 milites
493 1992 837 2075 aboppidauisdimissos
849 2016 915 2057 cum
925 1988 1074 2057 Caesaris

63 2118 104 2175 ιι,
120 2094 201 2178 quod
216 2096 364 2173 refertur,
388 2098 420 2160 iu
435 2096 572 2179 oppidum
590 2115 744 2179 regressos
765 2117 833 2160 esse
848 2095 991 2159 credibile
1007 2106 1066 2159 est.

63 2218 110 2261 ιιι
124 2208 222 2261 autem
237 2197 306 2261 inde
327 2209 424 2262 ortam
448 2199 610 2276 existimo,
636 2197 714 2279 quod
737 2198 879 2280 scriptum
903 2208 968 2261 erat
985 2206 1073 2261 ‘eou-

78 2298 225 2381 missique
238 2311 305 2363 suut
320 2302 422 2379 lacti',
446 2302 489 2365 ita
505 2310 534 2364 ut
560 2301 627 2363 binc
643 2300 679 2362 ad
697 2298 788 2362 uerba
812 2299 942 2363 ‘missos
964 2298 1074 2363 lacere’

63 2410 158 2467 ratur.

63 2526 68 2569 ι
83 2504 230 2569 extremis
245 2506 346 2571 uerbis
361 2529 388 2569 c.
410 2506 449 2571 tl
471 2504 552 2588 ‘Qui
574 2528 643 2570 cum
665 2506 764 2590 aliquo
781 2506 848 2568 loeo
864 2525 880 2567 a
897 2502 1012 2566 nostris
1026 2522 1076 2566 re·

63 2618 155 2687 ssent,
172 2618 206 2672 ut
219 2620 430 2686 consuessent,
454 2631 495 2674 ex
510 2609 600 2674 simili
617 2611 730 2674 uirtute
745 2609 877 2671 clamore
893 2608 973 2669 lacto
988 2624 1077 2670 auer-

63 2722 87 2775 rt
100 2711 249 2796 proelium
266 2713 375 2776 lacere'
392 2713 602 2777 coniunctiuus
628 2708 866 2775 ‘consuessent'
883 2706 1006 2773 tolerari
1023 2726 1077 2771 ne·

63 2814 124 2893 ed,
149 2815 298 2896 quomodo
314 2814 388 2878 haec
405 2817 588 2880 emendanda
603 2816 684 2893 sint,
710 2834 770 2877 non
791 2812 923 2896 reperio.
963 2806 1075 2874 Cetera

62 2926 143 2983 reem
159 2927 242 2980 sunt.
274 2914 354 2979 Nam
371 2918 462 2981 uerba
484 2926 545 2982 ‘ex
565 2917 655 2983 simili
672 2913 803 2979 uirtute'
826 2934 880 2998 per
901 2912 1073 2977 irrisionem

64 3039 95 3083 r.
129 3014 174 3081 Vt
195 3021 273 3082 euim
291 3019 485 3104 Pompeiani,
510 3042 576 3084 curn
600 3020 774 3084 cedentibus
791 3013 988 3081 Caesarianis
1007 3014 1074 3077 lou·

62 3121 308 3209 egrediebantur,
327 3124 467 3186 uirtutem
484 3124 549 3187 siue
564 3123 697 3206 periculo
711 3122 908 3196 simulabant,
926 3120 988 3195 itu,
1006 3138 1073 3179 curn

62 3225 159 3291 lieudi
181 3226 265 3309 copia
289 3237 387 3305 esset,
418 3228 488 3289 lorti
510 3226 643 3290 clamore
662 3224 811 3307 ignauiam
834 3222 997 3306 tegebant,
1020 3219 1073 3283 sed

62 3348 141 3393 mum
157 3327 339 3391 abnuebant.

62 3430 122 3495 ior
142 3450 212 3515 pars
235 3452 263 3494 o.
290 3430 330 3494 15
352 3430 562 3513 interpolando
586 3438 727 3510 corrupta
751 3437 810 3493 est.
856 3424 957 3491 Prima
980 3423 1075 3487 uerba

62 3544 125 3597 rute
149 3531 241 3598 ‘Fere
262 3534 338 3619 apud
361 3532 515 3597 exercitus
541 3533 615 3595 baec
637 3541 686 3595 cst
707 3530 858 3614 equestris
880 3527 986 3614 proelii
1003 3546 1075 3590 coo·

62 3658 89 3701 is
114 3657 183 3701 euna
204 3657 296 3720 eques
311 3637 348 3700 ad
364 3635 561 3698 dimicandum
578 3633 699 3697 dimisso
716 3653 792 3715 equo
808 3652 874 3695 cum
890 3630 989 3714 pedite
1003 3648 1075 3691 con·

62 3762 90 3819 r,
108 3760 294 3823 nequaquam
311 3760 364 3823 par
379 3738 515 3802 babetur.
547 3734 582 3800 ld
598 3736 676 3820 quod
692 3735 723 3799 iu
740 3736 796 3799 boc
811 3733 921 3798 accidit
935 3728 1072 3816 proclio'.

78 3842 161 3927 quod
184 3864 272 3926 supra
297 3842 532 3905 demonstratum
547 3850 614 3914 est,
640 3859 826 3920 nequaquam
846 3837 878 3900 iu
902 3855 939 3899 eo
962 3830 1076 3917 proelio

79 3945 162 4029 quod
179 3944 318 4026 deinceps
335 3945 484 4019 relcrtur,
503 3942 555 4006 sed
571 3940 658 4025 plane
673 3940 871 4004 contrarium.
904 3932 981 4000 Cum
997 3932 1077 3997 euim

74 4044 257 4113 Caesariani
280 4066 345 4109 cum
369 4045 518 4129 peditibus
535 4042 670 4130 Pompeii
693 4042 848 4126 congressi
871 4060 910 4102 ex
927 4037 1012 4119 equis
1027 4033 1078 4094 de·

63 4160 156 4228 seut,
181 4170 217 4214 ea
239 4169 275 4212 re
290 4149 400 4212 uicisse
416 4146 616 4233 Pompeianos
632 4147 782 4209 dicuntur
814 4142 925 4223 Neque
948 4136 1078 4220 equitem

61 4274 153 4319 mrem
170 4272 239 4315 esse
254 4251 385 4315 habitum
401 4272 443 4315 ex
458 4249 551 4316 Caes.
569 4250 599 4314 b
617 4246 699 4312 Gall.
718 4246 759 4327 V,
778 4245 831 4323 lli,
848 4237 1078 4327 aperspicituc

61 4357 128 4421 uites
144 4376 218 4419 suos
231 4375 342 4440 magno
366 4376 434 4419 oum
451 4354 583 4440 periculo
599 4373 667 4415 cum
682 4347 844 4414 essedariis
861 4344 1080 4412 Britannorum

61 4478 105 4523 ise
118 4460 235 4533 refert,
258 4469 418 4543 propterea
441 4457 520 4541 quod
542 4457 573 4520 bi
588 4476 630 4520 ex
644 4453 763 4519 essedis
778 4450 937 4514 desilirent
951 4454 982 4507 et
998 4437 1083 4524 pelli-

61 4584 126 4649 paru
117 4562 258 4649 proelio
273 4561 505 4626 contenderent.
535 4557 643 4643 ltaque
658 4556 710 4619 illa
734 4553 877 4617 ‘dimisso
899 4542 995 4629 equo’
1018 4556 1083 4599 ωι-

61 4677 179 4752 accepta
193 4666 261 4745 tuli,
277 4675 311 4729 ut
325 4685 374 4750 ap.
392 4659 485 4730 Caes.
502 4663 531 4729 b.
547 4662 606 4729 ciu
624 4656 683 4740 ΙΙΙ,
700 4654 755 4736 69,
771 4654 793 4719 l
810 4648 956 4716 ‘dimissis
972 4636 1081 4723 equis'·
