2646 5124
481 563 786 631 -62-...

96 742 247 829 pertinere
263 740 359 805 uideri
375 749 504 823 poterat.
531 735 592 803 Sed
608 738 767 803 adicienda
782 740 856 805 baec
872 739 964 803 uerba
980 740 1131 825 magistro
1144 744 1224 809 nide-

95 845 217 923 bantur,
234 845 283 928 qui
300 864 359 906 non
376 841 472 927 magis
487 863 573 924 qnam
591 836 795 907 Schneiderua
809 840 1018 927 intellegeret,
1035 846 1224 928 quemadmo-

95 948 163 1013 dum
185 948 322 1012 omuibus
345 945 455 1022 rebus,
479 966 556 1030 «puae
576 944 684 1009 iulerri
700 958 843 1028 possent,
866 943 977 1010 Neruii
992 948 1223 1035 mengum

96 1052 213 1115 animos
228 1051 405 1115 existimare
421 1047 598 1132 potuissent.
632 1045 698 1111 lloc
710 1057 809 1111 autem
825 1068 1011 1131 nequaquam
1026 1050 1223 1136 improbabile

96 1164 154 1217 est.
187 1152 268 1217 Nam
284 1174 336 1217 eas
352 1173 422 1228 res,
447 1170 523 1234 quae
547 1151 584 1213 ad
606 1150 813 1214 necessarium
835 1172 920 1215 usum
934 1153 1147 1237 pertinebant,
1168 1155 1221 1241 ipsi

96 1256 246 1321 habebant
259 1254 382 1321 Neruii.
428 1249 535 1339 ltaque
555 1252 691 1315 beminen
708 1253 775 1317 duri
791 1254 909 1333 omnin,
933 1276 1010 1338 qnae
1024 1257 1222 1341 importaren-

95 1369 154 1438 tnr,
173 1368 207 1422 ut
221 1378 446 1442 superuacanea
462 1356 629 1419 dissoluere
641 1353 721 1418 uitae
736 1353 938 1441 frugalitatem
953 1369 985 1423 ct
996 1359 1140 1425 duritiem
1152 1360 1221 1425 mol·

94 1461 151 1526 lire
170 1462 405 1526 arbitrabantur.
451 1455 494 1521 Et
516 1478 551 1521 re
578 1478 652 1521 nera
672 1479 749 1540 quae
771 1479 790 1522 a
810 1460 1030 1525 mercatoribus
1054 1459 1173 1529 Italicis
1192 1472 1221 1527 et

94 1562 358 1641 Massiliensibus,
383 1584 459 1647 qnos
481 1560 640 1646 praecipue
662 1580 780 1627 merces
795 1563 827 1627 in
843 1562 896 1628 lus
912 1574 1013 1649 partes
1029 1564 1145 1631 tulisse
1156 1586 1220 1652 prs-

94 1668 193 1734 babile
209 1678 267 1743 est,
284 1668 482 1745 inferrentur,
499 1666 541 1729 ita
558 1676 729 1747 comparata
744 1666 839 1731 luisse
854 1679 1093 1733 consentaneum
1108 1678 1176 1748 est,
1190 1680 1220 1735 st

95 1770 133 1835 nb
149 1772 280 1834 ferorum
298 1770 447 1833 hominum
463 1770 679 1833 consuetudine
693 1769 730 1832 ad
746 1770 889 1833 maiorem
901 1772 1011 1835 cultum
1027 1773 1220 1859 uoluptatem-

95 1893 153 1955 qne
169 1871 334 1935 differrent
358 1868 502 1935 Ceterum
517 1893 604 1954 qrram
619 1881 702 1935 recte
713 1869 826 1935 Neruii
841 1872 873 1936 in
889 1892 924 1937 ea
940 1873 1082 1958 opinione
1098 1876 1217 1956 luerint,

96 1974 170 2037 nihil
185 1974 222 2039 nd
238 1994 313 2037 nosz
337 1974 366 2037 id
389 1974 473 2050 dico,
497 1995 557 2059 qno
578 1974 676 2039 minus
692 1974 819 2049 luerint,
844 1975 918 2039 nibil
934 1976 1070 2041 obstare.
1117 1976 1220 2063 ltaque

95 2076 188 2139 uerba
205 2076 254 2139 ‘ad
271 2075 419 2139 luxurium
436 2076 657 2158 pertinentium*
673 2076 808 2142 eiciendo
823 2088 907 2141 sunt.
954 2076 1037 2143 Idem
1052 2079 1220 2147 laciendum

95 2180 272 2264 pronomine
290 2179 428 2255 ‘eorum',
446 2179 524 2262 quod
539 2179 570 2242 in
586 2178 722 2243 omnibus
738 2180 825 2245 codd.
844 2181 965 2264 legitur.
995 2178 1079 2247 Nam
1095 2182 1219 2267 primum

94 2283 126 2347 iu
143 2282 197 2345 boc
213 2282 358 2345 orationis
374 2283 488 2345 foruna:
518 2284 614 2364 ‘quod
628 2283 668 2347 iis
682 2281 774 2347 rebus
790 2283 1022 2368 relanguescere
1036 2285 1158 2351 animus
1172 2306 1221 2353 ee·

93 2406 159 2450 rum
176 2396 207 2449 et
221 2386 332 2448 remitti
348 2386 491 2450 uirtutem
508 2384 734 2448 existimarent’
756 2389 931 2452 necessario
950 2387 1143 2452 scribendum
1158 2400 1220 2455 erat

97 2490 225 2554 ‘animos
241 2489 340 2551 suos’.
387 2485 484 2551 Recte
508 2487 586 2550 euim
602 2485 775 2571 Maduigius
797 2512 901 2573 opusc.
919 2490 1013 2575 prior.
1033 2512 1061 2574 p.
1078 2488 1146 2555 420
1160 2514 1220 2556 mo·

95 2592 162 2656 nuit
177 2611 339 2674 pronomen
363 2591 627 2653 demonstratiuurn
651 2612 704 2675 pro
727 2592 876 2656 reflexiuo
892 2593 950 2656 nisi
965 2593 997 2655 in
1012 2594 1221 2675 enuntiatione

95 2693 273 2759 secundaria
288 2703 319 2756 ct
334 2692 386 2756 tali
402 2692 537 2777 quidem,
560 2694 645 2757 cuius
667 2694 748 2757 aliud
769 2707 852 2759 esset
874 2695 1041 2759 subiectum
1057 2716 1147 2778 mam
1162 2697 1221 2782 pri·

93 2797 218 2874 mariae,
235 2796 377 2859 substitui
392 2817 453 2859 non
468 2817 567 2881 posse.
594 2795 694 2879 Atque
709 2797 749 2861 ita
766 2792 930 2862 aCaesare
945 2797 1072 2881 positum
1089 2811 1141 2864 est
1154 2800 1218 2865 bor.

95 2922 202 2965 comm.
220 2895 247 2976 l,
264 2897 296 2976 5,
313 2896 336 2960 4
353 2899 545 2981 ‘persuadent
559 2896 711 2963 Rauracis
727 2898 904 2983 etTulingis
919 2911 951 2966 et
965 2898 1142 2985 Latobrigis
1156 2902 1221 2967 lini·

92 3002 186 3079 timis,
205 3002 248 3065 uti
264 3002 367 3064 eodem
384 3002 431 3065 usi
447 3000 571 3065 consilio
587 3002 701 3085 oppidis
717 3005 780 3067 suis
797 3003 928 3086 uicisque
943 3003 1061 3067 exustis
1077 3024 1220 3069 unacum

92 3104 133 3169 iis
149 3104 399 3189 proficiscantur',
418 3126 444 3167 c.
456 3102 488 3179 li,
506 3105 526 3169 3
544 3103 771 3188 ‘Allobrogibus
788 3126 856 3170 sese
873 3105 922 3169 uel
936 3126 1140 3189 persuasurus
1154 3107 1220 3173 exi·

92 3210 255 3273 stimabant
270 3209 318 3271 uel
335 3208 362 3271 ui
380 3218 557 3285 coacturos,
586 3218 618 3269 ut
633 3228 687 3290 per
701 3229 773 3272 suos
789 3209 864 3272 fines
884 3230 937 3272 eos
959 3209 1005 3272 ire
1020 3210 1219 3291 paterentur',

92 3332 121 3376 e.
141 3310 193 3389 ll,
212 3311 232 3376 3
250 3312 304 3375 ‘ita
319 3332 354 3375 se
370 3311 450 3374 omni
468 3321 600 3395 torrrporc
615 3312 652 3376 de
668 3312 775 3396 populo
792 3312 929 3376 Romano
945 3311 1069 3375 meritos
1085 3332 1174 3393 esse,
1190 3322 1222 3377 ut

93 3417 158 3499 agri
174 3414 307 3491 uastari,
324 3414 410 3477 liberi
426 3434 530 3477 eorum
546 3415 578 3475 in
592 3415 769 3478 seruitutem
785 3415 909 3486 abduci,
928 3414 1033 3498 oppida
1048 3416 1221 3501 expugnari

93 3540 154 3583 nou
170 3517 348 3580 debuerint'.
379 3514 581 3579 Accusatiuus
597 3529 694 3580 autem
712 3538 776 3579 cum
794 3517 941 3580 inbuitiuo
959 3538 1019 3579 non
1034 3517 1220 3581 enuntiatio-

92 3642 160 3684 nem
176 3619 280 3688 edicit.
298 3620 350 3682 sed
367 3638 436 3701 pars
453 3628 499 3680 est
514 3618 740 3683 enuntiationis.
772 3616 876 3703 ltaque
885 3622 1008 3683 sormam
1019 3619 1218 3704 pronominis,

93 3722 169 3805 quod
186 3721 222 3783 ed
238 3722 442 3783 accusatiuum
459 3720 604 3803 pertinet,
630 3720 665 3784 ad
689 3721 853 3785 subiectum
870 3723 1086 3787 enuntiationis
1101 3724 1220 3788 referre

92 3824 181 3900 lieet,
199 3834 232 3885 ut
248 3824 355 3885 lactum
372 3832 419 3885 est
435 3820 463 3883 b.
483 3820 550 3883 ssi.
568 3820 626 3899 79,
653 3821 668 3884 l
688 3823 896 3888 ‘aduersarios
912 3846 972 3888 nou
988 3827 1100 3889 uirtute
1113 3846 1221 3890 eorum

93 3926 263 4001 confidere,
281 3924 333 3987 sed
350 3945 493 4005 aquarum
509 3924 608 4007 inopia
624 3926 718 3988 lrctos
734 3926 887 4010 despicere
903 3949 936 3991 se
950 3928 1129 4005 intellexit',
1148 3949 1220 3994 con·

93 4029 221 4091 trarium
237 4049 394 4110 numquam
419 4027 482 4089 lieri
505 4037 614 4108 potest.
646 4024 734 4091 Vnus
750 4024 894 4093 Caesaris
911 4031 994 4093 locus
1010 4025 1089 4106 Vll,
1111 4027 1175 4102 21,
1198 4027 1221 4091 2

92 4141 214 4215 praeter
229 4128 325 4203 hune,
351 4130 387 4193 de
410 4151 468 4212 quo
485 4128 619 4211 agimus,
645 4130 754 4213 etipse
771 4153 935 4215 pronomen
951 4131 1219 4195 demonstratiuum

92 4233 233 4297 uitiosum
250 4231 356 4309 lrabct,
381 4232 428 4313 qui
450 4231 595 4315 quomodo
611 4233 805 4315 corrigendus
821 4236 878 4312 sit,
903 4236 983 4299 inira
998 4236 1123 4298 dicetur.
1172 4232 1220 4297 Eo

93 4347 192 4399 auteur
208 4335 296 4409 loco,
321 4335 357 4397 de
373 4356 430 4418 quo
445 4334 546 4397 dicere
561 4334 691 4416 ingressi
707 4357 829 4413 sumus,
856 4338 974 4402 etiamsi
990 4357 1156 4423 pronomen
1171 4356 1220 4400 re·

93 4438 237 4504 dexiuum
253 4439 379 4522 positum
397 4448 496 4514 essct,
521 4447 620 4500 tamen
643 4438 824 4501 sententiam
847 4438 976 4521 ineptam
1000 4461 1069 4504 csse
1088 4440 1149 4504 iam
1168 4437 1220 4503 alii

95 4552 287 4607 monuerunt.
326 4539 465 4604 Ridicule
480 4540 560 4603 enim
575 4538 684 4603 Neruii
700 4561 784 4605 snam
802 4542 941 4606 uirtutem
956 4562 1088 4627 suosque
1103 4542 1219 4605 animoa

94 4647 208 4712 remitti
231 4643 424 4711 existimasse
444 4644 634 4722 dicerentur,
662 4644 747 4725 quasi
770 4665 811 4709 ex
837 4645 975 4711 omnibns
997 4646 1055 4730 ipsi
1078 4644 1219 4709 luxuriae
