2646 5124
554 20 568 33 ,ι

67 13 965 345 u

258 1418 262 1423 ’
399 1342 963 1521 c.1vn11csnssn1s

267 1664 314 1770 F
355 1662 408 1769 lt
449 1659 500 1768 Α
544 1659 595 1766 G
635 1661 699 1769 M
743 1660 790 1766 E
833 1661 884 1770 Ν
928 1663 980 1768 Τ
1023 1663 1094 1770 Α.

565 1948 775 1969 -Ιι--ι-ι-ι-

547 2120 811 2190 οΒΑΤῙοΝΕ8.

86 2226 90 2235 '
125 2222 131 2233 ’
207 2229 277 2295 Cic'.
294 2228 388 2294 Brut.
404 2225 467 2305 72,
482 2225 565 2292 2522
589 2225 638 2291 De
653 2224 788 2293 Caesare
809 2226 851 2290 ito
865 2226 983 2306 iudico,
1007 2228 1090 2292 illurn
1112 2229 1245 2294 omniunt

119 2335 184 2398 lere
196 2342 352 2395 'oratorum
367 2326 478 2397 Latine
493 2328 572 2413 loqui
586 2330 832 2415 elegentissime,
854 2351 910 2394 nec
925 2330 956 2394 id
970 2329 1065 2394 solum
1081 2330 1245 2395 domestica

121 2434 351 2512 consuetudine,
368 2443 403 2496 ut
417 2431 524 2495 dudum
540 2432 576 2496 de
589 2431 763 2497 Laeliorum
779 2440 810 2494 et
823 2429 990 2497 Muciorum
1008 2431 1128 2496 familiis
1143 2433 1246 2497 audie·

82 2551 99 2602 5
122 2536 228 2601 bamus
239 2562 248 2618 3
260 2536 313 2600 aed
328 2554 504 2619 quamquam
519 2534 548 2598 id
564 2556 681 2620 qouque
696 2535 787 2599 oredo
802 2535 906 2616 luisse,
917 2545 1030 2613 mmor,
1040 2543 1167 2598 utesset
1178 2555 1246 2619 per·

119 2640 195 2704 lectu
212 2639 260 2704 illa
276 2637 353 2702 bene
368 2637 509 2720 loquendi
523 2636 605 2716 laus,
615 2639 717 2703 multis
733 2638 842 2702 litteris
854 2648 884 2702 et
896 2638 941 2702 eis
952 2637 1070 2722 quidem
1081 2637 1246 2702 reconditis

119 2752 150 2805 et
161 2741 320 2824 exquisitis
333 2760 510 2824 summoque
520 2740 622 2805 studio
632 2749 664 2803 et
673 2740 826 2828 diligentia
837 2748 885 2807 est
896 2749 1088 2806 consecutus.
1096 2738 1152 2819 rt,
1160 2739 1226 2805 258
1234 2767 1248 2805 e·

120 2840 225 2908 Solum
246 2844 365 2927 quidem
387 2854 420 2907 et
439 2843 529 2926 qussi
552 2843 773 2909 tundamentum
788 2846 920 2909 oratoris
936 2846 1040 2923 uides,
1063 2844 1246 2910 locutionem

121 2945 306 3010 emendatam
321 2955 351 3010 et
364 2943 525 3025 Latinam
542 2944 628 3009 cuius
643 2966 737 3030 penes
752 2968 825 3031 qnos
841 2948 906 3013 lans
922 2949 1018 3014 adhuc
1032 2948 1102 3027 luit,
1116 2947 1245 3013 nonfuit

67 3060 96 3115 to
117 3047 245 3114 rationis
267 3057 318 3111 aut
339 3046 504 3127 scientiae,
528 3048 581 3113 sed
605 3049 692 3132 quasi
713 3049 811 3115 lonae
826 3053 1064 3118 consuetudinis.
1080 3050 1144 3130 ⁷5,
1159 3049 1244 3116 tote

120 3148 238 3217 Caesar
259 3160 360 3214 autem
379 3149 526 3215 rationem
547 3150 692 3217 adhibens
712 3157 959 3220 consuetudinem
974 3155 1114 3217 uitiosum
1131 3163 1163 3216 et
1177 3173 1247 3216 cor·

118 3264 235 3339 ruptam
259 3272 332 3337 puro
355 3262 388 3316 et
407 3252 581 3338 incorrupto
596 3242 812 3321 consuetudine
827 3256 976 3321 emendat.
1006 3252 1111 3336 ltaque
1126 3272 1193 3315 cum
1208 3252 1247 3317 ad

120 3355 198 3420 hano
214 3355 394 3441 elegantiam
411 3355 569 3420 uerborum
584 3355 786 3439 Latinorum,
811 3379 907 3442 quae,
932 3355 1050 3421 etiamsi
1066 3365 1171 3418 orator
1183 3374 1246 3418 non

120 3460 164 3525 sis
179 3469 212 3523 et
226 3458 269 3522 sis
282 3458 433 3545 ingenuus
448 3458 524 3522 ciuis
539 3457 713 3540 Romanus,
730 3471 831 3524 tamen
847 3460 1020 3524 necessaria
1036 3468 1095 3535 est,
1112 3456 1246 3544 adiungit

67 3574 97 3628 tt
120 3562 172 3628 illa
188 3561 321 3625 oratoria
337 3572 514 3625 ornamento
528 3562 658 3641 dicendi,
668 3574 729 3627 tum
746 3564 865 3627 uidetur
881 3574 1027 3645 tamquam
1041 3559 1157 3624 tabulas
1168 3559 1247 3624 bene

120 3666 215 3749 pictas
231 3664 381 3729 collocare
394 3660 427 3727 in
438 3663 518 3729 lonc
531 3665 654 3729 lumine.
679 3663 767 3729 Hanc
778 3686 846 3732 curn
858 3665 966 3730 habeat
981 3664 1170 3751 praecipuum
1182 3665 1246 3730 luu-

119 3768 205 3846 dem,
229 3765 488 3831 incommonitus
510 3787 572 3832 uon
595 3768 685 3832 uideo
707 3769 756 3833 cni
778 3768 886 3833 debeat
905 3769 1023 3835 cedere.
1053 3765 1245 3854 Splendidam

121 3869 266 3953 quandum
289 3869 469 3957 minimeque
492 3872 705 3938 ueteratoriom
724 3872 874 3938 rationem
895 3873 1010 3940 dicendi
1030 3883 1133 3954 tenet,
1156 3894 1244 3951 uoce,

121 3980 216 4048 motu,
233 3973 329 4035 lormu
344 3972 432 4036 etiarn
449 3974 605 4059 magnifica
621 3986 652 4040 et
665 3998 815 4060 generoso
826 3977 1054 4059 quodammodo.
1080 3974 1158 4038 Tum
1166 3972 1246 4037 Bru-

67 4083 98 4137 tt
122 4083 189 4137 tus:
201 4068 365 4139 Orationes
380 4076 499 4160 quidem
515 4077 580 4143 eius
596 4078 666 4142 mihi
680 4080 875 4143 uehementer
883 4078 1066 4162 probantum
1078 4074 1245 4156 complures

122 4185 221 4241 autem
237 4176 309 4261 legi.

206 4279 337 4346 Sueten.
356 4278 526 4347 eastum
556 4280 736 4365 Eloquentia
751 4291 804 4344 aut
818 4279 959 4362 aequauit
974 4279 1247 4364 praestantissimo-

119 4401 185 4444 rum
201 4381 397 4466 gloriam'out
412 4386 556 4449 excessit.
584 4382 659 4448 Post
673 4385 895 4449 accusationem
908 4380 1084 4449 Dolabellae
1099 4386 1178 4449 haud
1192 4384 1247 4447 du-

120 4483 170 4550 bie
184 4484 368 4571 prinoipibus
383 4487 518 4573 patronis
534 4472 747 4555 annumeratus
762 4499 817 4555 est.
845 4483 938 4556 Certe
949 4483 1059 4556 Cicero
1075 4489 1112 4553 ad
1120 4482 1247 4551 Brutum

207 4638 360 4694 emortuae.
391 4626 404 4678 l
420 4626 574 4694 Orattomm
589 4632 623 4679 ut
629 4642 685 4694 par
696 4633 766 4698 orat,
780 4645 826 4683 eos
842 4635 952 4683 tontum
965 4624 1245 4689 commemoravimus,

122 4701 667 4768 qwmtpmnuommomtamt.
1176 4724 1179 4730 ·
