2646 5124
510 569 813 636 ...29-

125 757 214 823 saepe
226 739 357 804 omnium
373 739 609 821 deducerentur,
631 752 682 818 ut,
706 744 847 830 quidquid
863 758 932 832 post
947 750 1050 816 honus
1065 775 1154 823 meus
1171 762 1227 827 tri-

117 839 227 920 lnisset‚
250 843 282 905 iu
298 843 388 908 dubio
404 844 596 928 poneretur’3
619 842 680 923 31,
704 843 726 909 li
744 849 802 911 ‘ita
817 871 884 913 curu
901 853 1015 919 clamor
1030 869 1113 921 esset
1127 862 1224 928 inter-

110 945 203 1010 nistns
217 946 331 1030 gemitu
345 944 574 1032 gladiorumque
589 950 721 1031 crepitus
732 951 852 1015 auribus
868 953 997 1030 oblatus,
1014 958 1221 1042 imperitorum

103 1059 204 1113 uestes
226 1049 319 1112 timor
343 1041 577 1135 praepediebat.
624 1049 803 1115 Huiusmodi
826 1054 900 1118 locis
923 1058 1014 1120 etiam
1037 1059 1155 1128 Ennius
1181 1066 1221 1130 ad

98 1163 187 1236 partes
201 1161 351 1215 uocatur:
368 1149 429 1229 23,
445 1151 468 1216 2
485 1151 546 1215 ‘hie
562 1162 635 1230 tum,
653 1163 687 1216 ut
701 1154 745 1217 ait
760 1152 898 1232 Ennius,
917 1160 1014 1222 nostri
1031 1160 1152 1230 cessere
1167 1189 1220 1250 ps-

95 1254 236 1338 ruuper’3
253 1250 311 1332 31,
328 1251 351 1317 7
366 1254 440 1327 ιΙιὶο,
457 1264 491 1316 ut
504 1255 548 1317 ait
560 1252 701 1331 Ennius,
728 1278 782 1339 pes
798 1257 873 1341 pede
888 1262 1044 1342 premitur,
1066 1269 1157 1331 armis
1173 1281 1220 1334 te-

93 1367 191 1420 rantur
205 1356 326 1433 arma'3
343 1367 376 1419 et
390 1356 506 1421 fabulae
522 1369 813 1422 commemorantur:
837 1359 899 1436 25,
923 1360 945 1423 l
969 1364 1053 1439 ‘lio‚
1076 1377 1110 1429 ut
1123 1370 1220 1434 lertnr

93 1459 212 1523 Achillis
234 1457 472 1542 Memnonisque
496 1479 701 1545 congressus,
734 1458 775 1542 Q.
800 1457 963 1545 Pompeius
983 1463 1103 1548 Niger,
1124 1490 1221 1552 eques

93 1558 260 1639 llonnus,
285 1558 472 1639 italicensis,
495 1583 537 1626 ex
556 1563 625 1629 acie
639 1573 743 1625 nostra
760 1563 797 1624 ad
813 1565 1065 1647 congrediendum
1080 1589 1223 1653 progres-

92 1684 135 1727 sus
145 1665 215 1728 est'.
243 1661 451 1728 oscitantiam
466 1664 622 1750 scriptoris
637 1664 754 1751 arguit,
779 1667 855 1747 quod
872 1687 900 1729 c.
919 1664 962 1730 28
976 1679 1058 1733 extr.
1072 1671 1158 1736 esto
1172 1672 1216 1737 iu.

90 1764 127 1830 iis
140 1767 251 1831 eadem
278 1777 448 1851 ponuntur,
470 1779 502 1831 et
523 1789 551 1831 e.
574 1763 619 1830 29
639 1767 799 1830 identidem
822 1768 989 1833 inculcatur
1011 1770 1218 1838 Caesarianos

88 1869 299 1952 processisse,
319 1865 520 1953 Pompeianos
539 1869 570 1932 iu
586 1889 712 1956 aequum
727 1869 910 1935 descendere
927 1873 1069 1938 uoluisse.
1102 1872 1140 1941 C.
1160 1876 1215 1954 12,

86 1969 114 2049 d,
126 1972 155 2036 si
169 1982 262 2035 recte
278 1970 317 2035 de
332 1991 369 2034 eo
384 1971 451 2034 loco
466 1971 691 2056 disputabimus,
708 1971 772 2055 ipse
788 1972 917 2056 scriptor
930 1975 1132 2042 emendandae
1147 1999 1217 2042 ora-

88 2073 171 2138 u'ouis
186 2093 298 2151 causa,
315 2092 393 2157 quae
407 2072 496 2137 modo
511 2075 669 2152 retulerat,
686 2074 776 2138 aliter
791 2077 976 2141 conformata
993 2079 1114 2143 uidetur
1127 2099 1217 2164 repe-

88 2177 169 2242 tisse.
200 2173 242 2243 C.
269 2173 331 2247 to,
356 2175 375 2238 1
398 2176 641 2260 praetermissum
656 2176 769 2259 aliquid
783 2178 1033 2261 reprehenditur:
1058 2187 1130 2245 ‘suo
1146 2184 1216 2246 loco

91 2280 282 2361 praeteritum
297 2289 360 2357 est,
381 2279 460 2362 quod
475 2279 592 2362 equites
607 2298 649 2342 ex
662 2275 749 2343 ltalia
766 2300 832 2341 cun:
849 2278 1020 2364 Asprenate
1034 2284 1214 2348 uenissent'.

90 2377 249 2445 llillieilem
272 2393 304 2446 ct
326 2381 459 2446 ltiautem
481 2381 726 2468 eompositionem
751 2382 797 2457 liis
821 2381 897 2445 locis
919 2384 1089 2467 perspicere
1111 2404 1217 2467 possu-

89 2505 167 2548 mus:
191 2484 227 2563 7,
252 2483 277 2550 2
293 2485 390 2549 ‘ltaee
404 2484 469 2548 loca
485 2497 556 2549 snut
569 2493 728 2549 montuosa
742 2494 775 2547 et
790 2496 897 2548 natura
912 2486 993 2549 edita
1008 2487 1045 2550 ad
1060 2507 1122 2550 rem
1138 2486 1217 2551 mili-

87 2596 200 2664 taresu,
227 2607 307 2671 quae
329 2587 453 2671 planitie
476 2587 658 2666 diuiduntur,
684 2584 775 2651 Salso
790 2587 930 2665 flumine,
963 2588 1099 2673 proxime
1115 2599 1215 2653 tamen

88 2689 236 2774 Ategemm
253 2702 289 2753 ut
302 2690 411 2754 flumen
426 2690 477 2767 sit,
495 2689 617 2754 circiter
631 2709 770 2775 passuum
786 2690 844 2753 duo
859 2691 977 2770 milia‘3
1002 2690 1040 2767 8,
1057 2688 1079 2753 5
1102 2692 1163 2755 ‘ita
1178 2691 1216 2756 alt

88 2790 359 2878 oppugnationibus
374 2801 482 2859 ustura
491 2790 549 2857 loci
565 2792 758 2869 distineatur,
776 2801 809 2854 ut
824 2792 963 2858 ciuitates
979 2794 1141 2880 llispaniae
1154 2817 1214 2860 uon

87 2896 172 2960 laeile
188 2896 228 2959 als
242 2894 332 2959 hoste
342 2894 525 2978 capiautnr’3
545 2893 596 2967 15,
613 2894 635 2957 4
652 2894 760 2959 ‘nostri
777 2897 947 2960 cecideruut
959 2893 1006 2960 lll
1016 2922 1024 2959 :
1041 2899 1135 2963 saucii
1150 2896 1216 2963 Xll

87 2998 202 3081 pedites
226 3008 260 3062 et
279 2998 396 3080 equites
418 2993 483 3074 V’:
511 3007 649 3061 extremo
670 2996 773 3061 eodem
796 3019 883 3082 cap:
910 3000 1082 3082 ‘hospites,
1112 3001 1216 3084 quiin

86 3101 196 3185 oppido
218 3111 326 3177 eraut,
341 3099 482 3183 iugulare
502 3109 534 3162 et
554 3100 591 3162 de
606 3120 691 3163 muro
704 3100 883 3185 praecipites
899 3103 1019 3166 mittere
1035 3115 1212 3188 coeperunt,

85 3202 181 3266 sicuti
196 3203 272 3286 apud
284 3200 447 3266 barbaros:
465 3201 541 3286 quod
557 3212 626 3287 post
640 3201 792 3265 homiuum
803 3204 975 3266 memoriam
992 3225 1150 3286 numquam
1166 3218 1216 3269 est

85 3305 231 3382 laetun'p
252 3302 293 3367 23
308 3312 389 3366 extr.
410 3309 463 3366 ‘ex
479 3313 605 3386 utroque
619 3323 733 3386 genere
749 3324 865 3387 pugnae
881 3303 1049 3389 complures
1064 3317 1134 3368 sunt
1150 3306 1218 3370 uul-

85 3406 210 3471 uerilsus
232 3406 354 3484 allecti,
377 3405 497 3492 inquis
520 3405 610 3470 etiam
632 3402 757 3470 Clodius
772 3405 950 3488 Aequitius:
974 3407 1056 3470 inter
1075 3426 1151 3490 quos
1173 3408 1216 3474 its

88 3510 255 3573 conminus
269 3520 320 3573 est
329 3519 501 3594 pugnatum,
519 3518 552 3572 nt
566 3530 608 3573 ex
622 3509 734 3573 nostris
751 3518 872 3593 praeter
881 3510 955 3571 duos
968 3511 1157 3577 centuriones
1172 3514 1214 3579 sit

87 3633 175 3676 nemo
191 3612 382 3676 desideratus
398 3611 495 3695 gloria
516 3632 551 3675 se
572 3611 763 3690 ellereutes'p
786 3611 841 3692 27,
864 3611 886 3676 4
911 3612 970 3677 ‘ita
994 3615 1102 3679 eastris
1123 3615 1214 3680 motis

86 3711 218 3779 chltim
228 3710 390 3798 Pompeius
405 3714 597 3797 praesidium,
615 3714 690 3797 quod
706 3715 838 3799 reliquit,
855 3716 946 3781 iussit
960 3727 993 3780 ut
1007 3717 1212 3783 incenderent‘

86 3815 143 3880 loc
157 3825 208 3881 est
225 3812 373 3881 ‘chlsim
387 3838 406 3881 a
422 3817 569 3900 praesidio
583 3816 674 3881 iussit
687 3818 807 3882 incendi
815 3819 837 3897 ’ς
854 3817 914 3898 39,
938 3817 958 3884 3
982 3818 1162 3905 ‘Pompeius
1178 3840 1213 3883 se

86 3919 241 3983 occultare
264 3921 382 4004 coepit,
406 3930 439 3983 ut
459 3941 478 3984 a
501 3920 614 3984 uostris
636 3941 696 3982 non
713 3922 802 3984 lacile
815 3922 1015 4000 inueniretur,
1037 3923 1095 3987 nisi
1118 3921 1214 4004 capti·

85 4043 192 4086 uorum
208 4022 332 4087 indicio.
363 4020 412 4087 lta
425 4023 467 4087 ili
481 4022 683 4087 interficitur'.
714 4021 753 4087 C.
771 4021 825 4102 35,
842 4022 909 4089 2ι”ιι
926 4026 972 4090 his
988 4024 1105 4088 uerbis:
1123 4022 1213 4085 ‘clam

85 4125 233 4208 quendam
248 4122 425 4204 Philonem,
441 4126 543 4204 illum,
561 4126 610 4209 qui
624 4121 871 4210 Pompeianarum
894 4128 1021 4210 partium
1037 4127 1147 4190 luisset
1162 4126 1214 4189 de·

85 4228 191 4292 densos
204 4227 373 4292 acerrimus
396 4228 443 4311 (is
457 4237 521 4291 tota
536 4225 693 4291 Lusitania
713 4228 890 4293 notissimus
912 4235 999 4312 erat)
1015 4266 1057 4278 --
1072 4229 1119 4292 lnic
1135 4227 1212 4291 clam

85 4331 237 4414 praesidia
252 4330 283 4394 in
299 4327 489 4394 Lusitaniam
503 4329 710 4414 pmliciseitur'
729 4331 828 4395 oratio
841 4330 927 4395 initio
942 4331 984 4394 ita
999 4331 1137 4395 instituta
1152 4338 1213 4406 est,

85 4434 171 4520 quasi
187 4433 332 4518 deinceps
349 4432 501 4497 ‘mittunt’
517 4431 678 4498 uel-simile
692 4432 816 4497 uerbum
831 4442 1026 4517 sequeretur,
1049 4433 1103 4496 sed
1119 4431 1215 4494 iuter·

84 4535 172 4600 iestis
194 4535 373 4619 quidusdam
395 4535 485 4601 rebus
506 4556 544 4600 ea
565 4535 871 4599 tarnatensem.
903 4530 943 4599 C.
959 4530 1001 4612 d,
1026 4537 1042 4596 1
1061 4529 1169 4605 etas,
1195 4527 1211 4590 1

86 4639 167 4704 ‘eius
182 4638 387 4725 praesidium’
408 4639 531 4724 ponitur
551 4635 714 4724 Pompeio,
745 4636 794 4720 qui
816 4635 994 4720 pronomine
1015 4630 1215 4716 significatur,
