2646 5124
515 628 760 700 EPISTOLAE
1190 634 1256 704 767

71 820 135 874 tam
153 807 248 871 ualuit
262 826 329 869 cum
345 815 431 868 uetus
447 806 589 886 amicitia,
600 828 687 889 qnam
705 817 736 869 to
751 825 811 868 noo
826 804 948 888 ignoras
962 805 1033 868 milri
1046 816 1077 868 et
1085 802 1198 888 Quinto

71 911 161 977 fratri
177 932 244 974 cnm
261 905 396 972 Caesare
411 909 518 979 luisse,
540 919 601 970 tum
617 909 787 972 humanitas
803 908 868 971 eius
884 928 919 970 ac
934 907 1098 972 liberalitas
1114 910 1199 974 breui

71 1027 206 1098 tempore
223 1023 254 1076 ct
268 1011 377 1074 littoris
393 1022 424 1074 et
439 1010 542 1073 officiis
559 1022 713 1095 perspecta
729 1010 814 1073 nobis
830 1020 861 1073 et
876 1011 1005 1094 cognita.

103 1164 106 1169 ,
161 1115 249 1180 ldmn
264 1113 339 1176 idid.
358 1110 446 1190 VII,
465 1114 503 1191 5,
521 1114 561 1176 3:
594 1112 642 1177 De
665 1134 722 1195 quo
745 1113 797 1177 tibi
820 1113 938 1176 homine
960 1113 1035 1177 haec
1050 1118 1195 1198 spondeo,

35 1232 53 1285 s
76 1240 137 1285 non
151 1219 205 1282 illo
222 1227 326 1281 uetere
342 1216 435 1279 uerbo
451 1236 529 1294 meo,
544 1216 633 1298 quod,
646 1238 710 1278 curn
727 1217 764 1279 ad
781 1228 809 1279 te
821 1213 982 1278 dclllilone
995 1216 1195 1300 scripsissem,

71 1322 139 1385 iure
154 1319 274 1397 lusisti,
299 1319 352 1382 sed
367 1336 451 1380 more
466 1316 624 1392 Romano,
642 1339 700 1400 qno
716 1319 803 1382 modo
819 1318 955 1380 homiues
972 1339 1031 1380 tlon
1047 1319 1137 1402 inepti
1153 1320 1198 1383 lo-

73 1433 221 1507 quuntur:
240 1421 408 1506 probiorem
424 1420 593 1498 hominem,
610 1420 765 1483 meliorem
782 1421 892 1494 uirum,
910 1419 1112 1502 pudentiorem
1129 1443 1196 1487 esse

74 1544 236 1589 nemmem.

568 1628 615 1709 (o.
634 1620 704 1705 55.)

13 1740 50 1795 1⁰
162 1728 229 1794 cie.
246 1727 298 1792 od.
316 1728 405 1792 Fam.
424 1727 452 1804 I,
470 1724 502 1805 9,
519 1724 581 1790 2οι
607 1721 683 1788 Cum
700 1722 858 1809 Pompeius
873 1727 915 1789 ito
931 1727 1146 1809 contendisset,
1164 1742 1197 1795 ut

77 1830 150 1895 nihil
166 1848 299 1913 umquam
316 1830 428 1915 magis,
455 1840 487 1892 ut
502 1851 566 1891 cum
584 1824 697 1891 Crasso
714 1828 841 1890 redirem
858 1829 1048 1912 ingratiam,
1067 1826 1197 1897 Caesar-

76 1954 133 2017 que
154 1953 208 2017 per
227 1933 344 1996 litteras
367 1932 498 1996 maxima
520 1952 554 1994 se
575 1930 711 1995 molestia
728 1951 766 1993 ex
783 1931 832 1993 illa
849 1932 1042 1995 contentione
1060 1935 1197 2000 allectum

73 2036 248 2100 ostenderet
263 2044 337 2098 cett.

608 2135 685 2198 ,tit
1032 2168 1037 2177 ·

16 2248 50 2313 15
159 2237 226 2304 Cic.
244 2237 289 2301 od
300 2238 389 2304 Fam.
410 2236 498 2317 VII,
516 2236 555 2316 5,
570 2140 612 2299 (2⁰2
646 2135 722 2301 Cu)m
748 2238 783 2300 de
806 2238 861 2300 hoc
884 2239 949 2322 ipso
964 2238 1107 2304 Trebatio
1130 2265 1196 2308 cnm

73 2337 168 2405 Balbo
184 2352 288 2404 nostro
304 2340 444 2422 loquerer
458 2342 628 2404 accuratius
642 2340 721 2402 dorni
738 2359 840 2416 meac,
867 2341 984 2404 litterae
999 2343 1071 2406 mihi
1088 2345 1196 2410 dantur

73 2453 149 2521 ete,
162 2443 269 2531 quidus
284 2443 316 2506 in
333 2444 479 2507 extremis
495 2446 637 2527 scriptum
654 2451 737 2505 erat:
755 2444 778 2523 †
794 2438 851 2503 ιΜ.
871 2442 1008 2521 ittioium,
1022 2465 1109 2526 quem
1126 2448 1195 2511 mihi

74 2544 274 2625 commendas,
293 2545 341 2609 uel
356 2566 457 2630 rogem
474 2543 592 2608 Galliae
609 2546 727 2618 faciam,
748 2543 795 2607 rael
813 2544 889 2606 hunc
905 2542 1021 2628 Leptae
1038 2547 1153 2631 delego,
1171 2552 1196 2614 si

75 2646 122 2711 nis
139 2658 189 2725 tn,
208 2648 244 2710 ad
260 2667 307 2710 me
321 2647 411 2711 alium
428 2649 524 2726 mitte,
542 2670 627 2730 quem
643 2647 768 2711 orrtem'.

11 2744 50 2813 20
163 2748 230 2811 Cic.
249 2750 293 2813 od
310 2748 543 2832 Q.sr.11,15,
566 2752 601 2813 l:
626 2754 667 2813 A.
686 2752 715 2811 d.
734 2760 780 2812 1111
797 2747 881 2812 Non.
900 2746 982 2825 lun,
997 2770 1054 2830 quo
1070 2751 1117 2814 dic
1133 2752 1196 2817 Ro-

75 2870 155 2913 mam
177 2850 266 2928 ueni,
290 2851 389 2935 accepi
411 2862 477 2915 tuas
500 2854 617 2917 litteras
639 2852 724 2916 datas
740 2848 931 2929 Placentiae,
956 2852 1063 2916 deinde
1085 2856 1196 2922 alteras

76 2952 221 3036 postridie
236 2952 328 3029 ⁸datus
343 2951 538 3019 Blandenone
555 2978 619 3018 cum
637 2954 779 3020 Caesaris
795 2955 903 3018 litteris
920 2956 1040 3018 refertis
1056 2958 1135 3020 omni
1152 2962 1197 3024 ol-

75 3054 161 3133 flcio,
187 3055 359 3141 diligentia,
383 3060 546 3123 suauitate.
579 3057 657 3122 Sunt
679 3060 736 3122 ista
760 3059 876 3141 quidem
900 3078 1006 3143 magna
1026 3059 1076 3121 nel
1099 3063 1196 3145 potins

73 3158 224 3221 maxima:
251 3160 362 3223 labent
377 3162 454 3223 enim
471 3163 531 3224 nina
548 3178 685 3245 magnam
702 3162 738 3224 ad
753 3160 877 3244 gloriam
895 3160 976 3222 etad
992 3181 1135 3224 summam
1152 3165 1196 3227 di·

12 3266 50 3324 2i
73 3259 228 3344 gnitatem.
255 3258 316 3325 Sed
333 3262 404 3326 mihi
421 3263 521 3338 crede,
532 3282 616 3345 quem
633 3265 723 3338 nosti,
737 3263 813 3345 quod
829 3263 859 3323 in
876 3262 942 3323 istis
958 3261 1048 3325 rebus
1064 3283 1120 3346 ego
1133 3266 1197 3349 plu·

73 3361 140 3424 rimi
157 3363 301 3441 aestimo,
327 3364 355 3426 id
372 3364 428 3427 iam
446 3365 558 3441 habeo,
581 3376 613 3429 te
633 3365 747 3428 scilicet
764 3364 888 3446 primum
906 3374 963 3425 tam
981 3364 1196 3432 inseruientem

74 3465 223 3528 communi
239 3466 395 3548 dignitati,
420 3469 526 3531 deinde
544 3464 685 3530 Caesaris
702 3477 814 3529 tantum
831 3467 860 3528 in
877 3486 924 3528 me
940 3487 1089 3545 amorem,
1111 3489 1196 3549 qoem

73 3567 212 3631 omnibus
233 3569 271 3631 iis
295 3569 480 3645 honoribus,
502 3591 579 3653 qnos
601 3589 649 3632 me
665 3589 681 3632 a
697 3588 731 3631 se
747 3579 910 3651 expectare
924 3568 1007 3647 uult,
1032 3577 1194 3653 antepono.
1307 3598 1310 3605 ·

72 3664 212 3732 Litterae
228 3691 299 3734 nero
316 3671 382 3735 eius
398 3693 457 3736 una
472 3675 558 3736 datae
574 3693 639 3736 cum
657 3673 734 3748 tuis,
752 3692 874 3753 quarum
891 3670 1008 3734 initium
1025 3681 1090 3749 est,
1108 3693 1196 3755 quam

12 3778 48 3830 so
72 3769 174 3833 suauis
190 3771 219 3834 ei
234 3783 305 3838 tuus
321 3774 468 3839 aduentus
484 3776 574 3839 luerit
589 3785 621 3838 et
632 3774 802 3838 recordatio
816 3774 927 3837 ueteris
939 3774 1063 3853 amoris,
1075 3775 1193 3857 deinde,

75 3889 110 3930 se
129 3872 320 3952 effecturum,
344 3888 379 3940 ut
399 3899 455 3962 ego
471 3878 500 3940 in
518 3878 615 3942 medio
631 3877 733 3942 dolore
749 3898 785 3941 sc
801 3877 948 3941 desiderio
965 3877 1007 3940 tui
1025 3888 1072 3957 tc,
1096 3902 1197 3945 cuma

185 4076 368 4133 ausititem
381 4083 476 4137 Cicero
489 4085 526 4137 ad
541 4086 684 4137 Caesareas
698 4085 809 4135 uidetur
820 4088 977 4150 scripsisse,
992 4087 1024 4132 ssi
1035 4082 1115 4133 illius
1123 4088 1196 4150 peti-

73 4158 176 4206 tionem
186 4163 335 4222 praeturas
347 4165 374 4213 si
384 4164 592 4215 commendaret.
607 4162 680 4214 Nom
692 4178 753 4212 cum
762 4162 912 4212 Miloniano
924 4160 1135 4213 retrituratur:
1144 4166 1198 4215 issi-

72 4237 215 4298 erit,crmo
229 4236 261 4289 53
271 4240 443 4292 consulatum
456 4247 775 4307 petierit,praetoronno
785 4241 816 4290 55
822 4240 1087 4305 fiteritaeresseest.

72 4310 104 4365 12
116 4326 149 4361 ex
162 4310 209 4362 llla
222 4316 402 4383 contentione]
418 4319 557 4369 Ciceronis
570 4334 631 4370 eum
646 4319 759 4379 Crasso,
774 4330 834 4365 eum
849 4317 894 4365 laic
908 4315 1052 4368 Gabinium
1064 4333 1124 4371 cum
1138 4339 1199 4374 eoa·

70 4388 184 4439 tametio
200 4390 342 4443 Ciceronis
354 4393 530 4460 defendisset.
668 4394 698 4444 ll
712 4409 747 4444 m.
761 4391 870 4443 itliuium
883 4393 1037 4459 Mediceus,·
1049 4394 1084 4448 ll.
1100 4397 1196 4452 Ostium

70 4464 221 4531 Victorius,
231 4466 267 4520 ld.
276 4468 385 4521 Fusium
395 4471 559 4536 Cratander,
569 4469 604 4522 ll.
612 4469 705 4522 Rufum
714 4472 854 4536 ‘antiquus
863 4470 939 4523 lider’
947 4473 1022 4539 opud
1028 4474 1195 4528 Monetium.

179 4546 209 4599 21
227 4546 380 4601 Placentiae
392 4550 538 4614 Medicam,
557 4549 691 4600 Placentia
703 4549 744 4599 ed.
762 4550 869 4602 Orellis'.
972 4553 1007 4609 22
1017 4553 1195 4622 Blandenone]

56 4622 160 4691 3Lsode
172 4624 255 4680 Nonis
266 4627 407 4695 Sigonius.
530 4630 563 4685 23
576 4627 691 4696 quidem]
704 4628 748 4679 uel
760 4629 825 4683 odd.
839 4631 986 4684 Hediceus.
1109 4634 1143 4687 28
1156 4634 1196 4686 lis

69 4702 218 4756 Hedicssss.
