2646 5124
507 636 652 708 CAPVT
673 640 823 707 23-25.
1226 642 1288 712 711

111 834 201 900 eques
216 812 312 898 spatio
326 810 491 876 intercluso
505 812 558 875 uix
571 832 604 876 sc
616 813 775 877 delendere
788 823 900 897 posset.
924 809 974 875 Ex
985 822 1110 896 utroque
1120 812 1231 899 genere
1246 815 1268 882 8

111 937 230 1005 pugnae
242 913 410 1000 complores
425 925 496 977 sont
511 915 684 979 uulneribus
706 915 832 993 adfecti,
859 914 890 978 in
912 914 979 997 quis
1002 915 1089 979 etiam
1106 912 1231 983 Clodius

111 1019 289 1104 Arquitins3
313 1018 394 1081 inter
414 1038 490 1100 qnos
513 1018 555 1081 ita
577 1017 741 1081 comminus
761 1028 809 1081 est
824 1028 997 1101 pugnatum,
1014 1028 1048 1080 ut
1063 1039 1103 1081 ex
1119 1020 1231 1085 nostris

113 1133 233 1209 praeter
246 1122 319 1185 duos
334 1119 525 1184 centuriones
540 1120 581 1184 sit
595 1140 682 1183 nemu
698 1120 882 1184 desideratus
897 1119 992 1203 gloria
1008 1140 1042 1185 sc
1056 1121 1231 1186 efferentes.

75 1240 92 1290 ι
115 1224 244 1291 Postero
264 1223 312 1287 die
333 1222 370 1287 ad
392 1218 528 1286 Soricam
552 1233 744 1307 utrorumque
767 1243 937 1286 conuenere
961 1223 1077 1306 copiae.
1122 1222 1228 1288 Nostri
1243 1225 1289 1295 24

112 1327 231 1392 bracbis
247 1327 356 1390 ducere
371 1336 547 1409 coeperunt.
578 1322 738 1408 Pompeius
753 1346 818 1388 cum
834 1325 1088 1390 animaduerteret
1107 1327 1232 1391 castello
1246 1327 1269 1393 2

111 1450 145 1495 se
160 1428 281 1493 excludi
297 1427 441 1512 Aspauia,
459 1427 535 1510 quod
552 1437 600 1490 est
615 1426 652 1490 ab
668 1426 765 1490 chbi
781 1427 862 1490 milia
878 1447 1017 1511 passuum
1032 1437 1069 1502 v,
1094 1429 1168 1492 baec
1184 1449 1234 1493 res

111 1532 287 1595 necessario
301 1529 474 1608 desecabat,
492 1540 522 1591 ut
537 1529 781 1593 addimicandum
792 1530 1008 1610 descenderet3
1025 1550 1122 1614 neque
1134 1540 1233 1596 tamen
1250 1531 1270 1596 3

114 1653 210 1716 aequo
225 1633 292 1696 luco
306 1632 353 1697 sni
368 1642 541 1716 potestatem
558 1632 698 1709 faciebat,
716 1632 768 1695 scd
784 1652 823 1696 ex
840 1653 945 1715 grum
963 1678 1114 1695 ......
1132 1635 1234 1698 excel·

67 1748 94 1801 lo
116 1757 182 1800 sum
206 1734 350 1798 tumulum
374 1735 524 1818 capiebat,
549 1754 644 1817 usque
659 1754 695 1796 eo
711 1744 744 1797 ut
760 1735 933 1798 necessario
949 1746 1110 1819 cogeretur
1124 1737 1235 1800 inicum

116 1840 213 1902 locum
244 1834 354 1901 subire.
401 1833 468 1919 Quo
491 1837 528 1900 de
550 1838 629 1901 lacto
652 1857 717 1899 cum
741 1847 933 1919 utrorumque
964 1837 1069 1921 copiae
1093 1836 1273 1901 tumulumb

113 1940 311 2004 excellentem
332 1937 490 2023 petissent,
515 1937 654 2022 prohibiti
675 1960 693 2001 s
716 1939 828 2002 nostris
851 1950 939 2017 sunt,
963 1940 1072 2004 deiecti
1096 1939 1233 2023 planicie.

115 2038 265 2124 Quaeres
281 2041 443 2104 secundum
460 2042 574 2105 nostris
589 2040 735 2104 efficiebat
755 2041 909 2123 proelium.
941 2037 1082 2125 Vndique
1104 2042 1235 2105 cedenti·
1251 2041 1272 2105 5

114 2143 169 2207 bns
184 2142 369 2207 aduersariis
392 2164 452 2207 nun
473 2164 576 2228 purum
600 2164 706 2227 magna
722 2143 752 2206 in
769 2144 859 2207 caede
875 2144 1084 2209 densabantur.
1116 2140 1234 2226 Quibus

67 2256 93 2310 ’,ι
112 2265 212 2320 mons,
229 2266 289 2309 nun
305 2245 403 2308 uirtus
419 2245 508 2309 saluti
524 2247 581 2310 luit
594 2245 737 2310 subsidio.
770 2242 856 2326 Quod
873 2247 930 2310 nisi
947 2248 1194 2331 aduesperasset‚
1216 2268 1235 2309 a

112 2345 305 2433 paucioribus
328 2347 440 2410 nostris
461 2347 540 2411 omni
562 2348 674 2412 auxilio
695 2348 803 2432 priuati
820 2359 933 2411 essent.
966 2346 1046 2411 Nam
1063 2346 1271 2411 cecideruntb

114 2469 158 2513 ex
173 2448 232 2512 leni
249 2458 398 2512 armatura
411 2458 584 2527 cccxxiiii,
601 2469 640 2513 ex
657 2449 831 2533 legionariis
843 2459 1013 2527 cxxxvltl,
1031 2459 1236 2533 praeterquam

114 2570 240 2634 qnorum
256 2570 339 2614 arma
354 2561 385 2614 et
398 2551 494 2635 spolie
508 2551 597 2616 allata
612 2563 694 2617 sont.
723 2549 769 2615 lta
785 2553 877 2636 pridie
893 2553 1016 2616 duorum
1029 2552 1237 2614 centurionum

113 2652 248 2717 interitio
270 2653 325 2717 bac
340 2653 581 2719 aduersariorum
598 2676 692 2740 poena
716 2667 764 2719 cst
786 2656 883 2719 litata.
915 2652 1088 2738 insequenti
1110 2653 1157 2717 die
1173 2651 1237 2737 pari
1250 2650 1294 2720 25

67 2764 96 2819 to
117 2756 330 2820 consuetudine
346 2778 412 2820 cum
427 2757 465 2821 nd
480 2758 607 2821 eundem
624 2758 721 2821 locum
736 2761 801 2822 eins
818 2757 996 2843 praesidium
1013 2755 1160 2834 uenisset,
1177 2754 1238 2839 pri·

115 2858 196 2922 stino
217 2857 269 2920 illu
293 2879 348 2922 suo
363 2858 528 2922 utebantur
541 2860 697 2925 institutos
723 2883 790 2925 nam
807 2873 929 2946 praeter
944 2860 1058 2944 equites
1075 2859 1155 2922 nullo
1171 2856 1237 2921 loco

113 2978 209 3041 seque
221 2978 254 3022 se
266 2961 618 3041 committere-audebant.
636 2959 712 3028 Cum
723 2965 817 3029 nostri
833 2966 864 3029 in
876 2986 967 3051 opere
979 2973 1092 3041 essent,
1107 2957 1274 3046 equitum2

115 3062 219 3145 copiae
234 3083 397 3127 concursus
413 3065 512 3129 lacere
528 3079 708 3150 coeperunt,
733 3068 877 3153 simulque
893 3065 1127 3133 uociferantibns
1143 3063 1237 3147 legio·

113 3165 225 3243 uariis,
250 3186 316 3228 cum
339 3166 437 3229 locnm
459 3167 657 3252 efflagitarent
677 3171 701 3252 †
722 3181 754 3234 nt
776 3173 913 3235 consueti
929 3169 1045 3249 insequi
1062 3166 1236 3229 existimare

67 3278 94 3331 ιι
116 3287 222 3352 posses
239 3268 444 3352 paratissimos
461 3290 528 3336 esse
543 3273 580 3337 ad
596 3272 805 3351 dimicandum,
823 3272 918 3336 nostri
935 3291 973 3333 ex
988 3267 1089 3330 humili
1100 3262 1237 3328 conualle

113 3368 191 3433 bene
207 3370 295 3455 lunge
310 3381 380 3433 sunt
395 3374 509 3455 egressi
525 3385 555 3439 et
571 3376 697 3460 planicie
713 3375 860 3457 iniquiore
876 3373 940 3435 loco
953 3369 1164 3434 constiterunt.
1190 3363 1237 3428 Illi
1253 3364 1272 3428 ³

113 3483 215 3535 tcmen
232 3473 436 3555 proculdubio
452 3477 487 3539 ed
504 3479 753 3563 congrediendum
772 3478 801 3542 in
818 3496 943 3558 aequum
965 3472 1062 3535 locum
1085 3488 1145 3530 non
1168 3477 1238 3530 sunt

113 3575 180 3639 ansi
204 3574 385 3641 descendere
407 3590 528 3663 praeter
550 3602 639 3645 unum
662 3579 827 3646 Antistium
842 3576 1045 3661 Turpionem
1070 3570 1119 3654 qui
1143 3569 1237 3634 fidens

224 3715 234 3765 1
246 3729 279 3764 cx
291 3730 308 3765 a
323 3716 451 3782 ‘retiqus⁴‚
465 3733 498 3769 ex
511 3719 551 3769 bis
565 3718 624 3768 cod.
639 3717 701 3770 Vre.
715 3735 742 3769 u.
850 3716 972 3771 2udl'ecti
987 3731 1013 3765 e.
1120 3709 1237 3776 31111111·

109 3792 163 3844 tine
176 3809 193 3843 a
209 3793 300 3857 ‘msr.’,
315 3794 470 3863 Arquitinus
484 3814 514 3859 σς
528 3798 649 3863 Aquilios
662 3797 750 3848 Ateus
762 3813 790 3847 u.
921 3797 934 3846 5
948 3795 979 3845 ad
996 3790 1189 3856 Glandorptos,
1205 3786 1237 3838 ab

112 3870 188 3922 codd.
300 3871 416 3925 Soricnm
430 3891 489 3942 ego,
505 3874 636 3926 Soricnrin
649 3876 726 3926 cedd.
741 3874 804 3926 Vsa.
821 3892 843 3925 e.
858 3875 901 3939 27,
916 3874 942 3926 2.
1055 3872 1069 3923 7
1083 3869 1197 3938 Aspauia
1211 3868 1236 3918 b.

221 3948 339 4018 Veilyo.
445 3954 609 4004 butema.
718 3955 976 4006 descenderentab.
1082 3950 1238 4000 illusionum

112 4038 165 4089 ego
177 4029 284 4076 notaui.
297 4026 328 4078 P.
342 4029 402 4081 240.
515 4029 736 4097 ltlcupicbantc.
848 4031 983 4080 inicumc.
1097 4023 1238 4074 ltdeieeti

111 4117 130 4152 u
143 4101 158 4151 b
171 4118 194 4165 c,
209 4101 357 4170 deicetiqne
371 4122 398 4156 u.
502 4109 609 4174 plunitic
622 4109 673 4174 (o).
779 4108 885 4175 liques
899 4105 953 4170 res]
967 4117 1074 4170 quornm
1088 4116 1114 4159 a,
1130 4097 1196 4166 quod
1212 4097 1237 4149 1.

223 4181 337 4248 undique
351 4182 438 4248 codd,
448 4186 562 4252 undique
576 4192 662 4236 sutem
676 4200 705 4235 u.
814 4185 843 4235 lt
853 4200 903 4233 non
917 4196 1006 4247 porum
1020 4178 1109 4240 codd„
1120 4176 1201 4227 nostri
1210 4193 1237 4227 u.

222 4259 254 4310 15
268 4260 386 4312 subsidio
398 4262 466 4327 quod
480 4278 546 4328 ogo,-
560 4261 627 4328 quod
641 4261 758 4311 subsidio
771 4277 787 4308 u
795 4298 804 4323 ,
825 4275 874 4325 qno
888 4258 1005 4308 subsidio
1020 4258 1093 4308 ‘msc
1104 4254 1239 4322 pleriquo'

111 4348 142 4386 rt.
155 4334 186 4385 P.
198 4336 260 4389 nto.
374 4338 425 4390 nisi
438 4338 527 4402 codd„
542 4346 604 4388 tunc
618 4336 668 4387 nisi
681 4351 710 4386 u.
822 4335 851 4386 lt
866 4334 985 4400 omnique
999 4348 1061 4385 curn
1073 4350 1127 4385 uuo
1140 4334 1195 4383 det.
1211 4348 1237 4382 u.

222 4414 255 4467 17
267 4430 377 4470 cccxxiv
389 4418 438 4482 (n).
532 4482 535 4487 .
553 4415 585 4467 18
598 4415 680 4465 ullutn
693 4420 755 4463 sunt
767 4428 793 4476 a,
808 4421 869 4464 sunt
880 4413 963 4463 allato
974 4412 1035 4464 edd.
1141 4410 1240 4478 pridem

113 4491 137 4541 b.
247 4494 278 4549 21
294 4503 437 4563 proptere.
544 4491 912 4559 24†nntconseti]l'.2ll.
1016 4495 1050 4546 25
1063 4506 1152 4560 posses
1166 4503 1240 4554 pura-

112 4568 228 4624 tissimus
241 4571 437 4638 Scbnoidcrus,
459 4566 534 4640 posse
554 4573 746 4640 speratissinsos
766 4574 827 4636 αις
848 4582 953 4640 possent
971 4590 999 4624 sc
1019 4569 1199 4641 paratissimos
1213 4582 1238 4614 u.

222 4662 281 4782 {que
294 4664 348 4701 om.
359 4651 384 4701 b.
490 4650 522 4703 211
532 4649 639 4717 planitie
647 4647 695 4713 (a).
800 4649 924 4716 iniquiori
937 4666 954 4700 a
967 4655 1004 4714 et,
1013 4653 1045 4715 ut
1057 4644 1176 4703 uidebor,
1192 4640 1238 4691 be.

268 4734 323 4781 tum
338 4729 362 4779 ι.
