2646 5124
522 640 670 717 CAPV'l'
691 642 841 716 59-61.
1241 646 1307 719 bil

122 830 336 885 ueteranorum
352 818 503 903 legionum
525 830 640 905 partem
663 819 831 884 cohortium
854 818 1065 898 collocauerat‚
1090 831 1248 903 praetcrea

118 944 162 988 ex
176 921 308 987 tironum
324 941 437 1008 paucas
453 921 616 987 adiecerat.
661 920 796 987 Tertiam
812 932 912 986 autem
926 923 1021 986 aciem
1036 923 1068 987 in
1090 923 1245 988 sinistrum
1262 926 1283 990 3

120 1046 209 1090 sunan
230 1045 325 1089 cornu
348 1024 519 1088 contulerat
539 1034 570 1088 et
592 1044 687 1108 usque
709 1025 746 1088 ad
769 1024 843 1088 aciei
866 1044 939 1087 suae
958 1024 1083 1089 mediam
1099 1024 1247 1110 legionem

121 1136 303 1214 porrexerat
318 1127 406 1191 etita
421 1127 654 1205 conlocauerat,
678 1127 720 1189 uti
742 1126 897 1189 sinistrum
914 1148 999 1191 suum
1022 1148 1115 1191 cornu
1136 1130 1247 1215 triplex

86 1242 102 1293 t
126 1240 221 1294 esset.
262 1226 296 1292 ld
311 1249 350 1293 eo
364 1228 492 1293 consilio
509 1230 639 1306 lecerat,
663 1230 740 1311 quod
757 1250 843 1292 suum
860 1229 998 1293 dextrum
1015 1228 1093 1293 latus
1108 1231 1282 1296 munitio-d

120 1332 209 1397 nibus
223 1328 433 1409 adimebatur,
449 1330 605 1395 sinistrum
620 1340 731 1404 autem,
755 1330 904 1412 equitatus
920 1331 1048 1394 bostium
1065 1324 1247 1398 multitudini

118 1434 161 1499 uti
181 1433 284 1498 resisti
305 1443 427 1518 posset,
451 1431 623 1510 laborabat,
648 1433 810 1514 eodemque
835 1453 923 1495 soum
948 1453 1066 1497 omnem
1082 1435 1246 1517 equitatum

121 1536 293 1601 contulerat
305 1545 353 1614 et,
375 1535 453 1618 quod
474 1534 502 1598 ei
525 1554 630 1619 parum
652 1533 836 1613 confidebat,
861 1535 1011 1618 praesidio
1033 1536 1080 1600 bis
1097 1537 1282 1620 equitibusb

121 1637 271 1722 legionem
292 1645 317 1699 v
337 1637 529 1720 praemiserat
552 1636 710 1723 leuemque
730 1646 912 1701 armaturam
927 1638 1007 1701 inter
1021 1638 1137 1721 equites
1152 1640 1247 1705 inter·

67 1748 99 1804 to
122 1749 276 1824 posuerat.
315 1734 497 1822 sagittarios
519 1739 605 1802 name
627 1738 794 1823 passimque
813 1738 886 1803 locis
901 1739 994 1804 certis
1010 1740 1199 1825 maximeque
1213 1742 1246 1807 in

122 1840 265 1905 cornibus
287 1840 499 1905 eolloeauerat.
553 1837 604 1905 Sic
626 1851 822 1924 utrorumque
844 1843 997 1907 exercitus
1026 1843 1165 1907 instructi
1186 1865 1246 1910 non
1261 1844 1302 1919 11

120 1944 186 2029 plus
200 1964 341 2029 passuum
356 1952 420 2007 ccc
435 1941 595 2007 interiecto
611 1942 726 2027 spatio,
757 1944 834 2027 quod
850 1945 977 2008 forsitan
998 1955 1068 2008 aute
1083 1945 1111 2009 id
1128 1956 1245 2033 tempus

121 2045 263 2111 acciderit
275 2066 450 2129 numquam,
475 2047 546 2129 quin
561 2046 766 2126 dimicaretur,
790 2068 808 2110 a
825 2068 912 2111 mane
927 2067 1021 2130 usque
1044 2047 1081 2111 ad
1098 2047 1201 2113 boram
1216 2060 1243 2114 x

121 2147 169 2211 dic
183 2148 393 2234 perstiterunt.
431 2145 554 2232 lamque
568 2143 688 2213 Caesar
701 2170 767 2213 cum
783 2150 951 2213 exercitum
967 2150 1047 2213 iutra
1063 2150 1280 2218 munitiones2

67 2258 99 2313 ts
120 2268 191 2314 anas
205 2250 352 2314 reducere
367 2250 526 2335 coepisset,
543 2251 641 2315 subito
656 2252 818 2315 uniuersus
833 2251 982 2333 equitatus
996 2252 1123 2318 ulterior
1135 2253 1244 2319 Numi·

123 2350 229 2416 darum
244 2350 499 2437 Gaetulorumque
521 2353 587 2416 siue
604 2354 698 2417 frenis
713 2353 750 2416 ab
766 2353 873 2416 dextra
889 2364 974 2437 parte
989 2373 1022 2416 se
1038 2374 1160 2419 mouere
1175 2377 1244 2440 pro·

122 2454 248 2538 piusque
262 2449 406 2520 Caesaris
420 2467 536 2534 castra,
562 2476 636 2539 quae
654 2466 740 2519 eraut
755 2455 785 2518 in
802 2454 896 2531 colle,
921 2475 956 2519 se
970 2457 1109 2520 conterre
1133 2457 1243 2540 coepit,

120 2555 257 2620 lreuatus
271 2569 370 2622 autem
386 2555 516 2623 Labieni
531 2578 623 2641 eques
639 2558 670 2620 in
687 2557 751 2621 loco
766 2576 944 2641 permanere
959 2557 1154 2643 legionesque
1169 2558 1245 2622 deti·

119 2677 212 2723 uere=
235 2680 302 2724 cum
317 2660 419 2725 subito
434 2681 503 2745 pars
519 2660 669 2743 equitatus
686 2655 830 2725 Caesaris
847 2681 912 2723 cum
929 2660 990 2723 leui
1006 2670 1157 2724 armatura
1173 2659 1280 2725 con-3

67 2768 98 2823 ta
120 2758 321 2827 traGaetulos
335 2764 452 2828 iniussu
467 2785 502 2828 ac
518 2773 631 2826 temere
644 2763 763 2848 longius
772 2763 925 2848 progressi
934 2762 1130 2848 paludemque
1146 2773 1244 2826 naus·

120 2862 219 2946 gressi
233 2865 449 2930 multitudinem
464 2865 594 2930 bostium
608 2866 693 2949 pauci
708 2865 857 2930 sustinere
873 2887 934 2930 non
948 2876 1110 2951 potueruut
1126 2863 1281 2949 leuiqued

124 2975 276 3030 mmatura
292 2967 409 3032 deserta
424 2969 500 3052 pulsi
517 2969 781 3052 conuulneratiquc
797 2991 857 3033 uno
873 2968 970 3053 equite
985 2971 1115 3049 amisso,
1140 2968 1241 3034 multis

120 3068 206 3150 equis
225 3070 354 3149 sauciis,
378 3070 456 3134 leuis
477 3083 649 3137 armaturae
662 3080 761 3136 xtht
777 3072 884 3138 occisis
906 3074 943 3137 ad
966 3094 1037 3137 suos
1053 3074 1240 3157 refugerunt.

121 3164 191 3252 Quo
212 3173 345 3237 secundo
366 3174 497 3255 equestri
519 3174 633 3258 proelio
658 3176 737 3239 lacto
753 3170 855 3260 Scipio
877 3178 907 3239 in
925 3187 1026 3238 castra
1042 3174 1138 3238 lactus
1153 3170 1278 3238 nocteb

67 3282 95 3336 te
118 3273 218 3358 copias
232 3275 368 3341 reduxit.
401 3273 488 3358 Quod
503 3278 655 3362 proprium
671 3277 811 3362 gaudium
828 3276 1036 3361 [bellantibus]
1054 3278 1174 3339 fortuna
1189 3274 1242 3337 tri·

228 3396 241 3448 1
256 3404 441 3448 ueteranarum
454 3398 584 3462 legionum
598 3406 696 3465 partem
707 3395 929 3464 Oudendorpms,
944 3397 1000 3447 lere
1013 3411 1101 3447 carum
1115 3396 1243 3458 legionum

118 3478 221 3539 partem
234 3474 258 3538 b,
273 3472 329 3525 lere
343 3474 368 3524 iu
383 3490 470 3525 earum
483 3476 610 3539 legionum
624 3484 696 3542 parte
708 3477 749 3540 (a)
763 3492 790 3525 a.
903 3471 1092 3538 collocauerat]
1106 3472 1244 3523 ordinare-

116 3555 161 3599 rat
174 3550 199 3599 b.
304 3551 441 3602 ltirounm
454 3551 543 3616 codd„
551 3554 664 3603 tironum
676 3551 821 3614 legionibus
832 3567 860 3602 a.
966 3565 1062 3617 paucos
1072 3550 1207 3600 adiecerat
1215 3550 1239 3613 b,

118 3625 255 3676 adiecerat
266 3640 361 3693 paucas
374 3644 401 3680 u.
504 3637 592 3680 autem
606 3631 636 3680 ad
650 3629 755 3681 tertiam
769 3629 851 3678 aciem
864 3629 913 3678 ab.
1016 3626 1240 3679 dcoutulerautu.

228 3705 1240 3774 dporrexeratetitacollocauerat]collocaueratetitacrdiusoeratb(conl.

281 3785 417 3837 sinistrum
430 3804 511 3839 cornu
525 3789 549 3850 b,
563 3787 664 3838 sinistri
678 3787 720 3838 sui
733 3803 827 3837 cornus
840 3801 857 3836 a
870 3791 898 3837 et
909 3787 1010 3839 sinistri
1023 3787 1064 3838 sui
1078 3789 1241 3837 ottomanus

290 3864 305 3913 5
320 3871 393 3914 esset
404 3880 456 3915 cm.
470 3880 487 3915 u
499 3867 515 3915 '2
529 3865 596 3915 dett.
714 3864 794 3932 quod]
808 3873 837 3917 ut
849 3865 926 3917 codd.
1038 3865 1053 3916 d
1067 3864 1242 3915 adiuuabutur

117 3936 159 4001 (a)
173 3939 198 4000 b,
208 3937 348 3990 adiuuaret
359 3956 383 3990 c.
489 3942 600 3993 trusisti
613 3956 630 3991 o
643 3943 689 4007 be,
704 3944 829 3994 resistere
842 3960 869 3994 a.
975 3942 1112 3994 laborabat
1124 3944 1141 3996 2
1154 3942 1240 4003 dete,-

117 4014 224 4065 laborat
236 4016 274 4065 be
284 4021 313 4067 et
324 4032 393 4069 corr.
409 4034 436 4082 a,
446 4018 547 4070 laboret
559 4025 623 4070 unte
635 4035 706 4072 corr.
719 4038 747 4072 u.
852 4022 899 4073 die
912 4037 938 4072 a.
1047 4019 1240 4082 lllsagittarios

117 4093 215 4159 passim
229 4093 346 4161 locisque
358 4099 438 4149 certis
451 4100 561 4149 manime
574 4099 751 4151 collocauerat
765 4101 790 4151 b·
936 4100 964 4152 ll
981 4108 1092 4166 utroque
1107 4099 1131 4147 b.

117 4173 151 4226 12
163 4178 226 4241 apte
239 4187 293 4225 ont.
308 4175 333 4225 b.
438 4177 607 4229 ldacciderit
617 4193 634 4227 a
646 4178 662 4227 1
676 4178 754 4239 dcta,
769 4176 904 4227 acciderat
916 4192 944 4226 u.
1048 4190 1176 4242 uunquam
1190 4180 1239 4243 (a).

228 4254 261 4305 tt
273 4253 315 4305 die
327 4270 344 4305 u
357 4271 382 4320 e,
395 4256 447 4307 diei
460 4272 488 4305 a.
624 4255 681 4305 dum
695 4253 772 4305 codd.
787 4250 818 4303 Ρ.
835 4254 875 4305 lb.
1004 4255 1072 4305 intra
1086 4256 1242 4308 munitiones

118 4346 180 4383 snae
192 4331 320 4384 reducere
333 4332 519 4399 seraptenas,
530 4333 656 4383 reducere
664 4331 734 4381 iutra
742 4331 897 4381 munitiones
906 4345 968 4382 suus
978 4336 1084 4382 caterae
1092 4333 1169 4386 edd:
1180 4351 1242 4387 suas

117 4426 171 4462 om.
187 4413 212 4462 b.
321 4412 394 4463 ldab
406 4412 500 4463 dextra
514 4419 587 4478 purte
600 4426 658 4476 ago,
669 4410 702 4461 ad
715 4409 832 4461 dextram
847 4417 945 4477 partem
954 4410 1031 4463 codd.
1041 4412 1186 4479 (dexteram
1199 4414 1240 4479 u).

116 4488 148 4539 P.
162 4490 223 4542 121.
333 4490 364 4542 18
373 4489 491 4542 detinere
504 4489 712 4555 ag03dostiuerc
725 4504 751 4553 u,
760 4489 903 4542 destituere
918 4491 947 4554 b,·
957 4490 1083 4543 distinere
1097 4509 1115 4543 u
1128 4498 1155 4543 ct
1168 4505 1241 4542 corr.

117 4583 143 4617 a.
257 4570 291 4621 2⁰
304 4569 478 4636 transgressi]
492 4569 622 4637 progressi
635 4585 662 4619 a.
767 4568 801 4619 22
814 4569 919 4620 deserto
932 4584 991 4636 ego,
1007 4571 1104 4622 deserti
1119 4584 1149 4618 ac
1163 4565 1241 4616 codd.

116 4645 148 4696 P.
162 4645 225 4696 121.
335 4645 645 4707 attrectantium,
660 4643 745 4694 lactus
758 4643 784 4693 iu
798 4653 886 4697 eastra
899 4647 958 4698 cdd.
1066 4648 1098 4699 25
1112 4641 1242 4694 claudium

116 4738 133 4773 a
147 4739 161 4772 e
173 4722 199 4785 d,
215 4723 329 4775 elediata
343 4726 366 4774 b.
474 4720 654 4789 [bellantibus]
666 4722 698 4773 P.
713 4722 764 4776 222
776 4728 849 4774 extr.
