2646 5124
397 586 719 654 —tttt-

83 761 227 827 cseiderit
256 762 393 825 narratio
419 782 520 827 rerum
543 784 561 827 a
582 760 703 829 Libone
724 776 755 830 ct
777 763 907 834 Octauio
935 772 968 836 in
990 772 1114 861 Illyrico

67 886 159 943 uum,
184 886 259 949 quas
280 865 370 950 paulo
389 876 479 930 antea
502 868 743 932 commemoraui.
773 867 817 933 Ita
836 874 926 937 uerba
942 876 1030 940 initio
1046 879 1114 943 cb

67 990 81 1033 a
104 969 264 1033 ‘discessu
280 966 499 1032 Liburnarum'
514 981 583 1053 apte
597 972 771 1035 referuntur
785 975 821 1036 ad
838 976 1001 1041 discessum
1017 976 1112 1043 Libo-

71 1070 144 1137 lidas
160 1082 263 1135 autem
279 1093 330 1135 res
346 1072 376 1135 iu
392 1068 512 1157 Illyrico
534 1083 636 1157 gestas
652 1074 689 1139 ab
706 1094 739 1137 sc
757 1088 893 1141 narratas
909 1100 977 1143 esse
993 1076 1111 1147 Caesar

69 1222 78 1251 ,
95 1174 117 1238 5
132 1176 298 1259 significat,
316 1175 368 1239 ubi
383 1197 417 1239 se
432 1176 597 1239 exercitum
615 1171 653 1240 C.
671 1175 798 1241 Antonii
815 1200 832 1241 a
846 1178 883 1241 Τ.
900 1178 1026 1247 Polione
1043 1206 1109 1268 pro·

84 1280 316 1343 demonstrasse
328 1278 445 1356 scribit,
463 1278 656 1361 eiusdemque
673 1280 716 1342 rei
733 1302 760 1342 c.
774 1277 825 1359 lt),
843 1279 863 1343 5
879 1282 1023 1346 meminit:
1043 1288 1109 1349 ‘rni-

73 1381 233 1447 deditioue
247 1378 481 1465 adCorcyram'.
506 1381 606 1464 Atque
615 1380 767 1444 excidisse
776 1382 882 1445 alicubi
892 1384 998 1449 barum
1010 1408 1107 1453 rerum

67 1484 184 1549 tionem
200 1484 384 1568 interpretes
401 1485 559 1563 uiderunt,
586 1484 638 1547 sed
651 1484 749 1546 minus
765 1496 849 1548 recte
864 1486 894 1548 in
911 1488 970 1550 bne
985 1491 1108 1554 secundi
1171 1513 1173 1518 ’

68 1588 184 1653 eutarii
201 1586 261 1651 boc
277 1588 389 1650 iactum
405 1588 668 1652 existimauerunt.
699 1584 781 1649 Nam
804 1588 861 1651 etsi
884 1588 958 1652 baec
981 1610 1018 1653 eo
1034 1602 1107 1655 tern-

67 1700 149 1775 gesta
165 1701 254 1767 sunt,
280 1709 340 1772 quo
355 1684 472 1753 Cacsar
486 1692 516 1753 in
532 1690 680 1775 Hispania
696 1702 778 1769 erat,
803 1691 832 1753 id
848 1690 925 1775 quod
942 1710 982 1753 cx
999 1687 1106 1757 Dionis

67 1802 89 1857 t.
106 1805 139 1859 et
151 1792 289 1878 Appian.
307 1792 337 1855 b.
356 1792 414 1856 eiu.
432 1790 475 1870 dd,
490 1792 535 1857 4⁷
549 1804 685 1878 apparet,
703 1805 802 1855 tamen
819 1812 867 1855 res
883 1790 1105 1877 aPompeianis

67 1896 143 1961 recia
158 1906 270 1983 gestae
285 1906 318 1959 et
332 1895 423 1959 multo
439 1898 537 1979 aptius
553 1895 623 1959 buic
638 1897 704 1960 locu
720 1894 967 1973 seminabantur,
986 1892 1104 1961 utCse-

67 2020 138 2079 uem
155 2009 272 2063 statum
289 2020 389 2061 rerum
405 2000 481 2082 apud
498 1998 689 2063 aduersarios
704 1999 835 2062 aduentu
850 1998 1100 2079 suooiiendisset,

67 2112 210 2180 tstrarst,
236 2112 267 2165 et
282 2100 329 2163 bic
345 2101 409 2186 ipse
424 2100 936 2185 locusexcidisseqnaedamiudicio
948 2114 1006 2181 est,
1025 2125 1101 2186 quae

67 2224 120 2269 sse
134 2214 375 2287 uuupotuerunt.
399 2202 509 2287 Neque
525 2215 648 2268 nostrae
663 2204 832 2267 sententiae
847 2214 1006 2287 repugnat,
1023 2206 1101 2287 quod

67 2330 82 2367 t.
100 2304 123 2368 d
138 2304 172 2369 iu
186 2324 307 2369 recensu
323 2306 475 2391 copiarum
490 2303 625 2389 Pompeii
641 2306 715 2369 baec
731 2305 890 2388 leguntur:
910 2304 988 2369 ‘His
1003 2305 1101 2370 Anto-

67 2406 213 2473 unilites
227 2408 453 2473 admiscuerat'.
482 2405 527 2471 lbi
550 2409 628 2473 enim
652 2429 756 2471 omnes
778 2407 883 2492 copiae
899 2410 1101 2473 recensendae

67 2558 75 2589 ‚
91 2530 168 2595 quas
181 2508 342 2596 Pompeius
358 2510 489 2576 aduentu
505 2507 646 2576 Caesaris
663 2510 802 2589 habebat,
823 2530 921 2592 neque
936 2510 1100 2575 uerendum

72 2634 114 2679 ue
128 2614 266 2698 legentes
280 2615 319 2677 iis
335 2614 435 2677 uerbis
451 2614 711 2697 perturbarentur,
736 2614 912 2698 praesertim
930 2634 996 2675 cum
1012 2612 1101 2696 paulo

67 2716 154 2781 labis
169 2716 261 2780 rebus
277 2717 488 2781 edocerentur.
517 2714 628 2800 Neque
649 2716 771 2779 omnino
795 2726 854 2778 mm
875 2716 967 2779 anxie
982 2712 1122 2781 Caesar-

69 2818 130 2883 isse
146 2819 245 2883 uidsri
261 2820 359 2883 debet.
379 2816 651 2897 Subiciamsutern,
669 2840 803 2903 quaeres
815 2828 1006 2901 praetereas,
1024 2841 1098 2903 quas

72 2921 319 2997 commemoraui,
337 2941 378 2984 ex
393 2922 439 2985 bis
454 2922 677 2986 commentariis
693 2921 842 2986 excidisse
859 2931 888 2984 st
902 2942 961 3004 quo
971 2923 1097 3007 locopo-

67 3024 160 3103 iuisse
174 3024 347 3087 uideantur.
376 3020 510 3088 Primum
531 3026 607 3108 quod
629 3025 764 3088 nonnulii
780 3023 891 3106 opinati
906 3036 977 3087 sunt
992 3045 1097 3089 narra·

67 3148 81 3189 u
96 3126 260 3191 seditionis
275 3124 398 3189 miiitum
414 3128 489 3211 apud
504 3126 710 3204 Placentiam,
735 3146 811 3208 quae
834 3127 889 3189 sub
912 3128 1041 3190 reditum
1057 3147 1098 3190 en

67 3228 119 3293 tria
135 3224 281 3293 Caesaris
296 3228 421 3307 accidit,
450 3230 482 3292 in
498 3230 544 3293 bis
560 3228 644 3293 iibris
660 3228 792 3313 perisse,
817 3248 883 3290 eam
901 3247 965 3291 rem
986 3226 1099 3292 sCse·

67 3332 193 3395 relatam
216 3352 285 3395 esse
304 3332 468 3396 uerisimile
490 3352 552 3395 non
575 3342 632 3397 est.
671 3327 733 3396 Sed
755 3352 783 3392 c.
800 3326 855 3406 88,
878 3328 998 3391 2tertii
1013 3327 1100 3393 buius

67 3434 181 3499 eutarii
203 3434 343 3498 cobortes
365 3432 516 3520 Hispanas
539 3436 575 3497 ab
592 3432 721 3498 Afranio
741 3433 777 3496 ad
801 3428 978 3514 Pompeium
999 3432 1099 3494 tradu-

67 3556 130 3603 ssae
145 3532 264 3601 Caesar
285 3557 319 3600 sc
334 3538 473 3603 docuisse
487 3536 610 3615 scribit,
635 3536 672 3600 de
687 3557 747 3619 qua
761 3552 795 3599 re
811 3554 957 3620 nusquam
971 3532 1097 3597 relatum

67 3634 337 3723 {uaudoAirsnius
352 3642 388 3704 sd
398 3638 572 3724 Pompeium
587 3638 771 3722 peruenerit,
788 3636 951 3714 nescimus,
967 3636 1098 3721 sedpost

67 3752 126 3807 tum
145 3741 177 3805 in
193 3738 353 3807 Graeciam
366 3737 510 3808 Caesaris
524 3744 555 3805 id
571 3742 716 3805 accidisse
731 3740 801 3803 iude
817 3748 930 3804 certum
942 3750 1001 3817 est,
1018 3739 1097 3821 quod

67 3844 326 3910 renumeratione
341 3845 506 3929 copiarum,
523 3864 598 3927 quas
613 3841 775 3927 Pompeius
790 3842 822 3903 iu
836 3841 967 3905 aduentu
983 3837 1097 3904 Caesa·

67 3944 152 4021 buit,
176 3944 331 4033 Hispanae
346 3947 416 4011 illae
432 3946 573 4010 cobortes
589 3967 649 4010 nou
669 3954 953 4007 commemorantur.
992 3938 1097 4024 ltaque

68 4070 104 4115 er
125 4060 267 4113 octauum
290 4051 408 4134 quidem
429 4058 458 4111 et
480 4067 592 4110 nonum
615 4056 704 4130 caput
724 4047 797 4109 baec
817 4066 867 4109 res
889 4054 1013 4108 narrata
1028 4062 1097 4107 esse

67 4178 86 4215 .=
105 4172 184 4237 quae
201 4153 279 4215 euim
293 4152 336 4215 ibi
351 4149 445 4213 redata
462 4150 594 4227 fuerunt,
611 4158 682 4212 ante
690 4143 833 4213 Caesaris
842 4148 1001 4210 aduentum
1011 4155 1097 4230 gesta

67 4254 153 4319 tonui.
183 4250 312 4318 Praeter
333 4252 411 4316 lruuc
433 4263 533 4316 autem
545 4251 642 4316 ducum
657 4272 718 4313 uno
733 4272 761 4313 c.
779 4246 822 4312 50
836 4258 974 4312 extrem
989 4246 1099 4310 lacuna

67 4356 116 4421 ted
138 4356 178 4419 ibi
202 4356 347 4440 permulta
367 4354 558 4419 excidemut.
589 4352 704 4417 Earum
725 4372 826 4416 rerum
848 4360 988 4416 extrema
1002 4348 1099 4411 tuisse

67 4460 223 4525 ustionem
238 4454 422 4542 Dyrrhachii
439 4454 598 4521 sCaesare
614 4464 786 4539 temptatam
801 4463 833 4516 et
848 4448 1100 4537 oppugnationem

67 4562 114 4625 ris
130 4571 300 4625 castrorum
314 4558 453 4625 discessu
468 4560 534 4624 cius
549 4556 723 4643 aPompeio
739 4556 904 4619 institutam
920 4554 1014 4633 (quae
1029 4564 1101 4609 usr-

67 4663 168 4747 rapud
184 4660 277 4729 Cass.
289 4659 382 4727 Dion.
400 4659 489 4741 XLI,
506 4660 562 4745 50)
579 4683 620 4725 ex
634 4659 722 4724 initio
737 4680 765 4721 c.
779 4656 815 4720 51
835 4652 1027 4817 pppspicitur.
1053 4640 1101 4707 Eo

67 4778 92 4819 n,
106 4762 142 4807 ea.
160 4764 270 4822 suppra.
