2646 5124
442 118 632 186 contult
655 119 749 186 CAP.
768 121 917 188 30-33.
1230 131 1292 196 309

73 321 155 387 qoam
173 295 318 359 merito
336 314 441 358 corum
456 294 606 356 ciuitatem
624 306 885 370 conseruatnrum,
902 299 928 359 si
944 297 1042 379 prius,
1067 320 1155 382 quam
1170 323 1234 363 mu-

78 425 134 469 run
152 401 256 465 aries
287 397 463 479 attigisset,
486 416 521 459 se
542 396 744 460 dedidissent:
773 398 825 461 sed
848 398 1006 463 deditionis
1030 401 1142 465 nullam
1165 404 1271 469 esse2

85 504 313 573 condicionem
331 500 392 563 uisi
407 498 499 563 armis
506 499 637 563 traditis.
667 496 709 563 Se
716 499 759 579 id,
776 500 853 583 qnod
861 501 892 565 io
900 499 1027 567 Neruiis
1035 503 1169 584 lecisset,
1186 506 1231 570 la-

92 602 437 687 etarmnliuitumisque
447 602 674 687 imperaturum,
692 622 730 666 ne
739 623 826 685 quam
834 603 982 669 dediticiis
997 606 1095 691 populi
1102 604 1234 673 llomani

67 720 81 769 t
98 710 239 777 uiuriaua
256 708 427 773 inferrent.
456 702 505 770 tto
521 705 658 769 nuntiata
673 707 710 769 ad
725 727 817 786 suos,
841 727 917 791 quae
931 706 1170 792 imperarentur,
1192 709 1271 775 tut

102 834 159 879 tae
174 812 352 879 dixerunt.
397 809 558 874 Armorum
574 829 684 894 magna
698 810 885 874 multitudine
899 810 937 875 de
951 832 1038 875 muro
1061 812 1093 875 in
1108 812 1234 894 fossam,
1249 812 1272 879 l

106 937 169 1001 quaa
183 924 262 982 erat
277 924 354 979 aute
369 912 518 997 oppidum,
535 912 628 992 iacta,
644 914 689 978 sic
704 923 739 977 ut
754 935 845 998 prope
861 935 1007 978 summam
1015 915 1237 1000 mumaggeris-

107 1040 154 1103 que
168 1019 374 1083 altitudinem
396 1016 497 1079 acerui
518 1037 670 1080 armorum
692 1017 914 1099 adaequarent,
938 1028 970 1081 et
992 1028 1094 1081 tamen
1117 1018 1238 1082 circiter

109 1132 188 1206 parte
201 1123 318 1199 tertia,
345 1128 380 1183 ut
394 1128 500 1203 postea
514 1129 704 1203 perspectum
719 1129 785 1195 est,
804 1120 900 1184 celata
915 1131 1006 1203 atque
1020 1120 1052 1183 in
1068 1120 1175 1204 oppido
1190 1140 1238 1185 re-

67 1226 92 1283 Ιο
109 1232 191 1288 teuta
204 1224 302 1309 portis
318 1221 480 1307 patefactis
495 1242 531 1285 eo
547 1222 596 1286 die
610 1242 682 1307 pace
697 1232 769 1287 sont
784 1223 840 1286 usi.
867 1220 930 1287 Sub
947 1219 1238 1311 uesperumqflaesar
1250 1224 1297 1296 88

111 1335 212 1411 portu
231 1324 334 1389 claudi
354 1324 526 1407 militesque
546 1345 588 1388 ex
613 1324 720 1409 oppido
740 1326 827 1389 exire
848 1324 955 1403 iussit,
981 1346 1019 1389 ne
1042 1348 1129 1409 quam
1146 1337 1236 1392 noctu

110 1428 248 1515 oppidani
261 1428 300 1493 ab
315 1425 460 1491 militibus
474 1426 615 1491 iniuriam
631 1428 815 1512 acciperent.
843 1426 893 1491 llli
908 1439 979 1492 ante
993 1428 1081 1506 inito,
1100 1441 1135 1492 nt
1148 1430 1237 1495 intel-
1252 1430 1274 1495 2

109 1532 218 1596 lectum
232 1540 295 1605 est,
311 1529 459 1607 oonsilio,
479 1529 557 1613 quod
573 1530 722 1594 deditione
738 1532 816 1595 iacta
832 1542 953 1597 nostros
975 1533 1124 1618 praesidia
1145 1534 1236 1598 dedu-

110 1632 414 1715 eturosautdeaique
428 1631 634 1715 indiligentius
650 1643 826 1697 seruaturus
838 1635 1040 1713 crediderant,
1058 1636 1239 1720 partimcum

67 1746 88 1799 lt
109 1736 164 1811 iis,
179 1756 260 1819 quae
273 1734 461 1799 retinuerant
475 1745 507 1797 et
520 1734 705 1811 eelauerant,
722 1735 828 1809 armis,
845 1737 952 1820 partim
961 1738 1056 1800 scutis
1071 1758 1112 1800 ex
1125 1739 1238 1801 cortice

112 1838 207 1904 iactis
223 1846 277 1901 aut
289 1834 445 1901 uiminibns
459 1838 608 1916 intextis,
636 1858 713 1921 quoe
735 1839 853 1916 subito,
880 1851 914 1903 ut
929 1840 1072 1922 temporis
1088 1840 1239 1921 exiguitas

112 1938 303 2027 postulabat,
317 1938 439 2023 pellibus
452 1940 649 2018 induxerant,
667 1940 758 2005 tertia
774 1941 890 2027 uigilia,
919 1963 976 2025 qna
992 1942 1113 2004 minione
1128 1941 1239 2004 arduus

109 2044 150 2109 ad
164 2053 291 2108 nostm
305 2042 486 2109 munitiones
501 2065 648 2109 ascensus
664 2044 840 2124 uidebatur,
865 2044 1004 2109 omnibus
1021 2043 1116 2128 copiis
1132 2065 1240 2131 repen·

113 2147 178 2211 tiuo
193 2166 237 2211 ex
250 2148 360 2232 oppido
381 2146 569 2231 eruptionem
592 2149 739 2211 lecerunt.
786 2142 955 2223 Celeriter,
982 2158 1015 2209 ut
1037 2157 1108 2211 ante
1124 2143 1275 2212 Caesari

67 2256 92 2313 tt
110 2251 294 2337 imperarat,
325 2250 446 2335 ignibus
468 2248 687 2334 significatione
710 2252 790 2314 laeta
813 2272 855 2313 ex
877 2250 1025 2334 proximis
1048 2250 1180 2315 castellis
1203 2271 1240 2315 eo

114 2372 293 2419 mueunnm
308 2362 367 2433 est,
384 2364 605 2441 pugnatumque
619 2352 657 2417 ab
672 2352 808 2418 hostibus
823 2352 867 2416 ita
881 2352 994 2417 acriter
1008 2362 1065 2432 est,
1083 2364 1147 2418 uta
1164 2352 1240 2418 uiris
1254 2352 1276 2417 l

113 2454 241 2521 lorts'lus
255 2456 437 2521 inextrema
445 2478 498 2541 spe
512 2456 618 2521 salutis
633 2455 735 2539 iniquo
751 2456 818 2520 loco
834 2466 942 2520 contra
957 2476 1022 2535 eos,
1039 2457 1089 2541 qui
1105 2478 1146 2522 ex
1160 2458 1240 2522 uallo

116 2558 310 2641 musmo
324 2558 384 2623 tela
398 2558 546 2636 iacerent,
559 2558 687 2642 pugnari
703 2559 815 2636 debuit,
833 2581 899 2623 cum
914 2560 946 2624 in
956 2581 1015 2624 una
1023 2560 1135 2624 uirtute
1143 2560 1241 2624 omnis

117 2680 183 2747 spes
206 2660 317 2725 saluus
338 2660 531 2726 consisteret.
573 2658 693 2727 Occisis
709 2662 746 2724 ad
771 2662 923 2725 bominum
953 2662 1072 2726 milibus
1100 2659 1277 2744 quattuorb

79 2766 105 2823 tt
120 2762 225 2849 reliqui
238 2764 272 2828 iu
287 2764 425 2847 oppidum
441 2764 547 2829 reiecti
562 2776 646 2827 sunt.
692 2760 844 2826 Postridie
863 2764 930 2826 eius
946 2764 1006 2827 diei
1020 2764 1160 2827 refractis
1175 2783 1243 2845 por·
1257 2759 1280 2823 6

123 2864 169 2945 tis,
186 2886 256 2930 cum
271 2866 332 2929 iam
346 2866 523 2931 defenderet
537 2887 643 2940 nemo,
668 2876 756 2948 atque
772 2864 956 2928 intromissis
971 2863 1116 2928 militibus
1132 2863 1245 2927 nostris

125 2970 288 3034 tectionem
303 2968 368 3034 eius
384 2970 483 3056 oppidi
495 2970 669 3035 uniuersam
680 2965 797 3034 Caesar
806 2967 949 3031 uendidit.
972 2966 1022 3031 Ab
1037 2967 1088 3045 iis,
1107 2966 1155 3050 qui
1165 2965 1281 3031 eme-7

229 3124 518 3179 2dedisseutB‘mss.
533 3128 573 3179 7’.
694 3126 904 3179 boondieioncm
916 3126 949 3178 B.
1071 3122 1242 3192 Neruiosss.

229 3202 434 3271 lllnitunisque
447 3207 473 3257 A
484 3210 513 3256 et
524 3220 560 3257 m.
571 3220 617 3271 pr.
632 3208 666 3256 Β.
770 3203 865 3271 populo
879 3202 992 3255 llomnno
1004 3219 1057 3254 seo.
1071 3218 1108 3254 m.
1122 3203 1156 3254 B.

130 3276 275 3332 luueiata
288 3296 323 3332 ns.
335 3296 380 3346 pr.
392 3282 427 3331 B.
567 3282 639 3350 suos]
652 3281 691 3333 illi
705 3298 733 3335 se
746 3280 810 3332 add.
827 3281 911 3347 boos.
1069 3280 1193 3332 dixerunt
1206 3278 1244 3331 la-

130 3372 182 3411 rere
192 3376 218 3411 s.
324 3360 565 3427 bedaequorentur
575 3360 618 3425 D,-
635 3367 826 3428 coaequarent,
840 3358 889 3410 scd
898 3373 1022 3424 saprum.
1037 3359 1088 3411 sud
1099 3374 1135 3410 m.
1151 3358 1199 3421 ad,
1215 3359 1244 3409 C.

228 3438 245 3490 l
258 3434 437 3505 perspectum]
451 3452 482 3487 eo
493 3452 576 3501 super
588 3454 635 3503 per
646 3454 699 3489 sse.
713 3437 802 3498 ocu,
816 3444 972 3502 compertum
987 3436 1002 3484 b
1004 3436 1034 3501 s.
1123 3435 1155 3487 10
1168 3435 1245 3502 pace]

130 3522 234 3581 partae
344 3515 595 3583 subuesperebes.
703 3514 1070 3580 ¹²·bldsslCD(I⁵l‚⁸s·
1160 3512 1248 3563 ttae-

130 3592 247 3647 tecum
258 3595 315 3647 AB
324 3594 350 3645 tt
359 3593 419 3659 (Ε),
437 3598 465 3645 r'u
478 3594 502 3646 B
513 3609 566 3645 soe.
581 3610 617 3645 so.
632 3595 658 3645 in
671 3608 753 3661 super
766 3593 797 3644 de
810 3594 924 3657 scripsit
930 3609 939 3653 ‚·
955 3607 1004 3640 non
1018 3592 1171 3642 inducturos
1185 3590 1248 3641 bod

130 3672 175 3739 ss,
188 3688 239 3723 asa
253 3669 403 3723 indulturus
417 3673 440 3723 C
448 3674 461 3721 7
588 3670 620 3723 tt
633 3669 812 3735 indulgentius
825 3669 862 3720 bs
873 3673 901 3719 st
912 3671 964 3719 ist.
979 3683 1051 3719 uere.
1067 3668 1090 3720 C
1102 3672 1129 3717 et
1141 3682 1194 3717 see.
1209 3682 1246 3717 m.

132 3752 255 3817 dam.
269 3750 303 3801 B.
409 3746 694 3799 cumbiseodd.etu.
799 3746 831 3799 ts
844 3760 970 3798 ascensus
983 3745 1017 3797 B.
1114 3746 1248 3810 repentino

131 3826 259 3892 mllg
271 3834 379 3895 repsute
391 3842 406 3875 s
417 3826 469 3891 (s)
481 3829 581 3892 utque,
595 3830 628 3876 ut
639 3825 775 3887 arbitror,
790 3838 821 3888 a,
840 3838 919 3888 quem
932 3823 1114 3875 Aebatntrt'us
1127 3822 1160 3872 de
1172 3822 1196 3875 B
1208 3828 1249 3874 to-

131 3920 187 3957 rm
198 3906 337 3973 repentino
350 3904 482 3955 exhibere
493 3908 608 3965 namt,
621 3906 688 3953 ttsm
699 3916 752 3952 see.
768 3914 804 3951 m.
818 3900 842 3952 B
853 3906 882 3951 st
894 3901 999 3965 reliqui
1006 3899 1143 3965 plerique.

130 3982 157 4037 ll
170 3984 269 4035 aeriter
281 3990 324 4035 est
335 3983 361 4035 A
368 3982 422 4033 BC
429 3981 519 4048 utts
527 3980 685 4045 ‘usmetun
701 3980 797 4033 aeriter
809 3995 837 4030 u.
952 3978 986 4035 23
1000 3978 1025 4028 in
1039 3994 1092 4030 om.
1106 3980 1140 4032 A.

130 4060 267 4115 unitatis
279 4062 370 4129 ond.
512 4059 585 4111 utilia
597 4060 688 4127 ΠΜ.
811 4066 935 4127 quattuor
947 4058 1017 4122 AB,
1038 4065 1151 4126 quatuor
1164 4057 1249 4123 (ΕΙ).

228 4140 264 4195 2b
276 4156 334 4193 eum
347 4154 421 4193 aeno
437 4136 627 4207 dolendarsts.
768 4144 846 4205 atque
858 4137 927 4189 ultro
941 4137 1057 4189 inmissis
1072 4137 1118 4185 be.

131 4216 262 4271 ttattts
274 4216 353 4271 codd.
367 4223 435 4271 stu.
