2646 5124
433 112 575 181 cotttl.
594 115 622 179 V
640 114 734 181 CAP.
753 116 792 179 41
805 117 905 181 -13,
1228 126 1285 189 371

115 293 189 354 lossu
204 291 312 374 pedum
321 288 499 351 XVhibernn
507 290 643 370 cingunt.
666 287 750 351 llaec
764 291 988 373 etsuperiorum
998 312 1143 356 anitiorum
1160 319 1233 359 con-
1248 299 1270 359 ⁶2

109 393 269 458 suetudine
283 392 321 453 ab
331 390 631 475 nobiscognouerant
646 402 677 453 et
686 391 827 472 quosdam
838 393 1018 479 deexerritp
1027 396 1173 462 habebant
1182 420 1234 462 ra·

109 496 220 583 plinus,
236 495 276 559 alt
293 494 340 558 luis
356 492 561 573 docebantur3
585 494 638 557 sed
662 494 745 556 nulla
760 496 1012 559 ferramentorum
1027 500 1131 583 copia,
1154 523 1232 584 quae
1248 504 1268 567 3

106 610 189 665 esset
204 598 241 663 ad
259 597 339 661 hunc
354 616 440 659 nsum
455 594 576 671 idonea,
592 596 701 679 gladiis
717 595 847 680 cespites
856 597 1081 679 circumcidere,
1097 603 1234 669 manibus

70 712 88 763 t
107 700 286 785 sagulisque
301 710 412 763 terram
428 698 591 762 exhaurire
606 699 791 764 nitebantur.
820 696 888 779 Qua
903 700 1020 782 quidem
1036 724 1078 765 ex
1093 724 1126 767 re
1143 705 1235 768 homi·
1249 706 1270 771 1

105 824 178 867 num
202 802 361 867 multitudo
383 802 524 885 cognosci
548 802 661 885 potnit:
686 824 754 865 nam
778 802 878 865 minus
901 803 983 866 lroris
1005 806 1100 869 tribus
1123 808 1234 870 milium

107 926 254 991 passuum
269 914 318 969 xv
328 906 360 968 in
376 905 503 969 circuitu
519 905 713 968 munitionem
729 907 921 987 perlecerunt
934 906 1117 989 reliquisque
1133 908 1272 975 dictust

106 1018 213 1072 turres
221 1008 259 1071 ad
274 1007 462 1071 altitudinem
477 1007 561 1084 nulli,
579 1006 671 1071 lalcss
687 1008 925 1090 testudinesque,
943 1030 1018 1091 quas
1033 1010 1111 1073 idem
1128 1012 1238 1095 captiui

109 1112 291 1188 docuerant,
307 1130 462 1193 parareac
479 1111 578 1173 lacere
593 1119 768 1193 coeperunt.
793 1108 928 1195 Septimo
944 1112 1173 1194 oppugnationis
1188 1114 1236 1177 die
1250 1112 1297 1185 13

67 1222 87 1275 t
109 1214 247 1277 mffimo
262 1222 368 1277 coorto
390 1223 481 1276 uento
504 1213 655 1276 feruentes
679 1212 760 1276 lusili
775 1234 816 1276 ex
831 1214 938 1295 argilla
952 1214 1078 1296 glandes
1095 1215 1193 1279 lundis
1208 1226 1240 1280 et

111 1316 283 1381 feruefacta
296 1316 396 1379 iacula
411 1314 441 1377 in
456 1334 562 1393 casos,
578 1336 656 1398 quae
670 1335 754 1379 more
770 1312 888 1379 Gallico
903 1318 1077 1379 stramentis
1093 1328 1240 1389 eranttte-

109 1426 202 1493 ctae,
217 1418 319 1483 iacere
333 1428 507 1502 coeperunt.
548 1416 616 1481 llae
631 1418 773 1482 celeriter
788 1418 886 1503 ignem
903 1419 1193 1503 comprehenderunt
1207 1430 1240 1484 et
1254 1420 1276 1485 2

112 1520 199 1585 uenti
213 1520 421 1603 magnitudine
435 1519 467 1582 in
482 1542 599 1585 omnem
615 1522 714 1584 locum
729 1531 898 1585 castrorum
914 1521 1106 1585 distulerunt.
1124 1520 1239 1587 llostes
1254 1521 1274 1585 3

113 1622 250 1687 meximo
272 1623 405 1687 clamore
426 1622 514 1686 sicuti
535 1634 620 1707 parta
642 1623 702 1686 inm
718 1632 807 1706 atque
822 1624 979 1707 explorata
995 1624 1122 1688 uictoria
1137 1635 1238 1689 turres

67 1738 90 1789 ‚5
113 1725 342 1809 testudinesque
357 1734 490 1810 agereet
504 1726 595 1789 scalis
612 1726 722 1790 uallum
738 1727 901 1789 ascendere
911 1737 1085 1809 coeperunt.
1102 1724 1145 1787 At
1155 1726 1275 1791 tantal

115 1826 250 1889 militum
269 1828 362 1891 uirtus
383 1838 473 1911 atque
487 1848 525 1891 ea
545 1828 719 1911 praesentia
741 1828 923 1903 emuniuit,
946 1837 998 1904 ut,
1022 1848 1090 1889 cum
1112 1829 1242 1910 undique

117 1929 242 1993 llammu
257 1938 441 1995 torrerentur
462 1931 652 2012 maximaque
676 1930 802 1994 telorum
826 1930 1013 1994 multitudine
1035 1939 1242 2012 premerentur

114 2052 235 2115 suaque
260 2034 357 2097 omnia
382 2033 592 2118 impedimenta
615 2045 704 2116 atque
720 2054 825 2097 onines
842 2034 977 2095 fortunas
994 2032 1181 2115 conflagrare
1195 2032 1243 2095 in·

115 2135 318 2219 tellegerent‚
334 2157 394 2199 non
409 2135 497 2199 modo
513 2137 696 2220 demigrandi
713 2158 805 2199 causa
821 2138 856 2199 dc
872 2136 952 2199 uallo
968 2136 1127 2198 decederet
1141 2155 1241 2213 nemo,

67 2248 95 2303 to
115 2238 170 2305 sed
184 2259 280 2325 paene
296 2260 335 2303 ne
349 2238 516 2323 respiceret
531 2240 648 2323 quidem
664 2240 841 2325 qnisquam,
865 2260 900 2300 ac
924 2248 985 2300 turn
1001 2256 1105 2300 omnes
1120 2258 1244 2299 acerru-

117 2362 166 2407 me
181 2342 405 2427 fortissimeque
420 2352 599 2427 pugnarent.
632 2338 690 2403 llic
715 2340 778 2404 dies
800 2341 912 2403 nostris
935 2339 1023 2423 longe
1044 2338 1278 2423 grauissimus5

116 2444 192 2523 lsit3
208 2446 264 2511 sed
280 2456 380 2509 tameo
395 2444 473 2507 lrunc
489 2442 591 2508 habuit
605 2455 758 2521 euentum,
776 2456 810 2507 ut
826 2464 861 2507 eo
871 2443 919 2507 die
934 2444 1083 2507 maximus
1099 2464 1241 2507 uumerus

116 2546 248 2613 hostium
271 2540 483 2611 uulnera'retur
504 2558 595 2631 atque
617 2548 857 2625 interficeretur,
887 2557 922 2609 ut
942 2567 976 2610 se
997 2547 1052 2611 sub
1073 2548 1139 2632 ipso
1161 2546 1242 2609 uallo

230 2789 243 2841 1
260 2787 332 2839 losse
347 2786 382 2854 1.,
396 2801 518 2853 stuprose.
532 2803 586 2838 ser.
600 2802 637 2837 m.
652 2785 755 2851 pedum,
770 2784 803 2833 Β.
919 2782 1063 2848 quindecim
1077 2782 1134 2847 (Β).

115 2870 177 2921 deb
196 2868 275 2919 nobis
288 2869 313 2919 B
325 2874 352 2919 et
369 2870 411 2918 sic
424 2867 510 2917 ‘uari
525 2868 616 2927 uobis,
635 2863 709 2930 quod
721 2867 762 2912 est
775 2866 804 2911 in
817 2862 1029 2922 recentioribus,
1044 2858 1153 2919 estert',·
1172 2871 1243 2907 eno·

115 2948 181 2997 stris
196 2944 294 2997 tede.
451 2942 539 2993 excitu
551 2958 589 2993 m.
600 2957 646 3007 pr.
660 2942 694 2991 Β.
863 2936 995 2986 habebant
1007 2936 1031 2987 Β
1041 2932 1161 2997 ‘ostert',
1176 2934 1246 2984 nocti

114 3022 244 3077 obedo.
382 3020 444 3071 dab
457 3021 490 3071 iis
504 3020 537 3070 Β.
676 3016 749 3069 nulla
762 3016 807 3080 (Β)
821 3016 895 3065 ‘men
912 3013 960 3072 ΙΨ,
975 3014 1046 3063 nulla
1060 3014 1100 3063 his
1113 3028 1136 3061 e.

113 3116 184 3169 qaae
196 3104 269 3151 esset
280 3098 304 3148 Β
315 3102 345 3148 st
354 3096 470 3163 reliqui,
485 3110 552 3161 quae
564 3101 625 3144 sunt
638 3095 706 3143 dee.
858 3093 873 3143 1
887 3090 1000 3157 cespites
1015 3092 1089 3139 ‘msc
1099 3084 1244 3154 pleriqus’,

116 3178 239 3245 cuspites
251 3174 291 3237 Β,·
303 3174 430 3240 cespitem
443 3188 493 3222 ou.
645 3173 659 3221 5
674 3168 780 3219 hunrire
793 3168 829 3219 Β.
975 3166 1126 3218 nitelrentur
1137 3166 1248 3231 aliquot

117 3254 198 3319 aare,
211 3250 522 3311 uidebuntnrABt'125
536 3246 697 3311 cogebantur
711 3244 800 3296 bede.
930 3244 1056 3295 duilium
1069 3242 1095 3311 pi.
1109 3260 1144 3295 rr
1157 3246 1182 3294 in
1196 3246 1246 3295 cir·

118 3331 191 3383 onitu
202 3330 377 3383 munitionem
403 3325 575 3394 perfecerunt
592 3324 680 3375 ABG
689 3324 713 3374 Β
735 3321 801 3387 (red
818 3322 843 3372 in
865 3320 1002 3373 circuitum
1021 3323 1048 3372 A
1054 3322 1129 3385 BD,-
1153 3322 1245 3388 pedum

118 3422 173 3459 sec.
184 3422 224 3459 us.
235 3419 322 3473 super
334 3404 359 3472 ᾗ.
373 3404 427 3467 Β),·
448 3403 538 3453 decem
556 3401 655 3451 milium
674 3400 701 3449 iu
720 3399 831 3449 circuitu
849 3398 1015 3450 nunnitionem
1034 3400 1128 3466 pedum
1141 3414 1176 3449 xv
1189 3412 1247 3464 per-

122 3486 245 3541 format
265 3484 363 3536 icds.
390 3484 521 3535 Orosius.-
540 3481 638 3531 uallum
657 3480 748 3547 pedum
762 3495 778 3530 x
793 3486 820 3527 et
837 3477 934 3529 fossum
950 3480 1043 3545 pedum
1063 3496 1097 3529 xv
1117 3495 1164 3545 per
1176 3478 1248 3528 milio

119 3578 244 3631 pureum
254 3576 291 3614 xv
304 3559 457 3612 incircuitu
471 3556 648 3625 perfecerunt.
812 3555 828 3606 8
840 3554 873 3605 ad
887 3556 1052 3606 latitudinem
1066 3557 1091 3606 d.

122 3644 187 3697 tun
200 3644 225 3697 Β
240 3646 317 3695 ‘mn
329 3638 475 3707 plerique’,
488 3653 542 3689 non
555 3636 644 3687 iidem.
785 3634 817 3686 10
830 3637 935 3687 cohorte
948 3637 981 3687 Β.
1114 3634 1207 3685 londos
1221 3636 1246 3684 t,

229 3724 262 3777 11
276 3735 341 3773 cass
355 3720 387 3773 0.
503 3714 674 3767 ornamentis
685 3717 752 3764 asts
764 3726 836 3762 corr.
850 3713 884 3763 B.
1005 3712 1036 3764 13
1050 3712 1133 3762 locum
1147 3718 1247 3761 castro

123 3816 177 3855 ru
187 3802 231 3867 Β,
245 3806 392 3853 castrorum
406 3797 491 3848 locum
503 3793 592 3846 Aldus
604 3796 633 3843 et
642 3808 671 3842 u.
828 3789 860 3841 tt
871 3790 950 3841 sicuti
963 3790 987 3840 Β
999 3789 1121 3853 ‘ceter-1³,
1136 3786 1250 3840 insecuti

123 3882 193 3947 quusi
205 3896 224 3932 a
234 3880 250 3931 1
259 3876 333 3929 cde.
438 3879 545 3941 percote
557 3872 610 3921 lam
622 3877 650 3921 et
662 3868 799 3935 exploratu
813 3868 839 3918 1.
944 3868 977 3919 ts
989 3867 1131 3918 escendere
1144 3866 1177 3916 B.

126 3958 156 4009 11
165 3958 281 4025 undique
295 3972 324 4019 e,
339 3952 435 4019 ultique
447 3950 473 4002 Β
485 3950 560 4001 ‘man
577 3946 627 4001 tt’.
741 3944 774 3997 17
787 3944 909 4009 telorum]
922 3952 1025 3997 tuorum
1038 3961 1074 3996 m.
1085 3957 1132 4009 pr.
1146 3942 1179 3993 B.

128 4036 160 4089 tt
170 4054 201 4089 ae
214 4052 269 4089 om.
284 4036 310 4087 t.
485 4041 621 4079 acerrume
633 4027 660 4079 A
666 4026 734 4079 ΒΒ.
894 4026 929 4080 tt
940 4023 1079 4092 maximus]
1091 4036 1201 4086 mugnus
1212 4035 1250 4069 aa.

131 4128 169 4177 pr.
181 4116 205 4167 b.
376 4122 500 4163 numerus
512 4106 625 4160 bostium
639 4106 684 4158 Be
696 4104 756 4156 edd.
773 4101 911 4170 reliquus,
933 4104 1045 4155 lrostlum
1058 4114 1180 4153 uumerus
1194 4098 1254 4149 Sta·

135 4194 234 4255 pterea
246 4209 274 4244 u.

1013 4286 1078 4351 24*
