2646 5124
421 107 561 177 COllll.
581 110 642 178 l'll
664 106 758 175 ear.
776 111 927 177 ‘25-28.
1229 119 1289 182 121

111 287 206 351 manis
223 296 400 369 coeperunt.
432 282 501 367 Quo
518 286 624 349 timore
640 286 789 368 perterriti
807 284 897 364 Galli,
920 309 956 350 ne
974 288 1009 349 ab
1026 291 1158 369 equitatu
1174 290 1236 353 Ro·
1253 291 1272 352 5

109 410 268 453 manorum
283 388 351 452 niae
367 400 671 472 praeoccuparentur,
689 390 816 452 consilio
832 390 1022 453 destiterunt.
1047 388 1175 457 Postero
1191 395 1238 458 die
1252 395 1295 464 27

107 488 229 577 Caesar
241 500 379 578 promota
394 493 471 556 turri
485 491 668 575 directisque
683 491 836 574 operibus,
853 512 929 574 quae
941 492 1234 575 iacereinstituerot,

107 614 219 680 magno
240 604 347 658 coorto
369 592 466 658 imbre
487 614 548 657 non
571 594 705 658 inutilem
729 594 807 657 banc
829 593 866 657 ad
888 593 1063 678 capiendum
1079 598 1236 662 consilinm

81 704 93 757 1
111 706 323 781 tempestatem
338 695 499 761 arbitratus
515 706 571 776 est,
591 697 669 779 quod
686 697 773 780 paolo
788 697 936 761 incautius
952 698 1140 763 crrstodiasin
1150 722 1236 764 muro

108 800 272 883 dispositas
287 798 426 877 uidebat,
452 820 583 883 suosque
608 800 777 881 languidius
799 800 830 863 in
847 820 938 883 opere
955 801 1070 863 uersari
1085 801 1175 865 iussit
1190 814 1233 879 et,

108 901 181 987 qnid
195 903 264 967 lieri
281 902 384 979 uellet,
401 902 544 966 ostendit.
577 899 822 984 Legionibusque
842 904 922 965 intra
947 903 1051 965 uineas
1074 904 1103 966 in
1121 906 1273 973 occulto2

107 1004 261 1089 expeditis
284 1003 481 1083 cohortatus,
504 1016 537 1069 nt
560 1004 718 1088 aliquando
742 1026 794 1089 pro
820 1005 912 1067 tantis
936 1004 1086 1069 laboribus
1110 1008 1237 1071 lrnctnru
1317 1062 1321 1069 .

110 1107 261 1172 uictoriae
277 1108 477 1191 perciperent,
494 1107 545 1185 iis,
562 1107 612 1189 qui
629 1108 714 1191 primi
732 1129 847 1171 murum
862 1108 1088 1186 ascendissent,
1106 1110 1237 1192 praemia

67 1220 91 1273 tt
109 1210 268 1296 proposuit
282 1207 484 1293 militibusque
499 1210 619 1293 signum
634 1211 726 1274 dedit.
758 1208 804 1272 llli
821 1210 920 1273 subito
936 1231 976 1273 ex
991 1210 1128 1274 omnibus
1145 1212 1236 1296 parti·
1252 1212 1273 1275 3

109 1312 168 1377 bus
181 1311 382 1377 enolanerunt
396 1332 571 1395 murumque
585 1313 728 1377 celeriter
741 1313 978 1397 compleuerant.
1003 1311 1116 1378 Hostes
1133 1336 1167 1379 re
1183 1337 1236 1380 no·
1250 1316 1296 1387 28

110 1434 151 1479 ua
164 1416 321 1499 perterriti
334 1436 422 1479 muro
437 1414 631 1499 turribusque
651 1416 761 1481 deiecti
784 1416 814 1479 in
839 1417 904 1480 loro
920 1436 956 1479 ac
972 1415 1046 1481 locis
1062 1417 1238 1500 patentiori·

109 1514 168 1583 bus
181 1518 332 1583 cuneatim
348 1520 561 1596 consulerunt,
579 1520 634 1584 boc
649 1520 767 1598 animo,
785 1531 827 1597 ut,
845 1520 871 1584 si
887 1540 942 1603 qna
961 1530 1102 1604 exparte
1118 1520 1237 1584 obuiam

111 1631 222 1684 eontra
235 1621 406 1701 ueniretur,
422 1622 487 1687 acie
502 1623 650 1686 instructa
664 1623 880 1707 depugnarent.
900 1621 957 1685 Vbi
974 1623 1122 1686 neminem
1139 1623 1169 1686 in
1186 1644 1237 1687 ae·
1252 1624 1275 1686 2

71 1734 204 1805 equum
219 1723 316 1788 locum
332 1744 402 1789 sese
416 1726 594 1805 demittere,
619 1727 673 1790 sed
697 1736 760 1788 toto
784 1726 910 1806 undique
934 1747 1017 1787 moro
1040 1726 1237 1789 circumfundi

111 1822 277 1903 uiderunt,
298 1825 405 1907 ueriti,
428 1848 467 1893 uc
486 1828 610 1892 omnino
625 1847 694 1911 spes
710 1829 798 1911 lagae
812 1827 989 1899 tolleretur,
1006 1825 1129 1890 abiectis
1145 1827 1237 1890 armis

113 1924 239 1989 ultimas
254 1928 350 2012 oppidi
370 1941 471 2013 partes
493 1930 660 1994 continenti
683 1930 795 2012 impetu
818 1928 1006 2012 petiucrnnt‚
1033 1948 1161 2010 parsque
1183 1926 1274 2006 ibi,3

111 2048 185 2091 cum
200 2038 327 2113 angusto
341 2034 425 2097 enitn
440 2043 591 2117 portarum
608 2032 713 2115 seipsi
730 2041 919 2117 premerent,
946 2050 962 2092 a
979 2027 1140 2108 militibus,
1170 2052 1239 2114 pars

110 2128 173 2195 iam
188 2150 310 2216 egressa
326 2135 420 2219 portis
437 2135 473 2199 ab
489 2135 638 2219 equitibus
654 2146 701 2198 est
716 2135 889 2199 interiecta.
913 2131 982 2197 Nec
998 2132 1054 2196 lnit
1069 2132 1237 2215 qnisquam,

67 2242 91 2297 tt
112 2233 165 2317 qui
179 2236 311 2317 praedae
324 2237 472 2301 studeret.
519 2236 572 2302 Sic
595 2248 626 2301 et
641 2234 757 2301 Genabi
774 2237 864 2301 caede
880 2245 912 2300 et
926 2235 1028 2298 labore
1045 2235 1146 2319 operis
1161 2235 1273 2301 inei-d

113 2335 169 2401 lati
183 2356 245 2401 uon
260 2348 361 2404 aetate
376 2341 542 2415 conlectis,
560 2362 619 2403 non
636 2338 824 2417 mulieribus,
843 2361 902 2402 non
921 2337 1084 2401 infantibus
1100 2359 1240 2423 peperce-

111 2448 198 2503 runt.
229 2436 370 2525 lienique
384 2464 425 2508 ex
441 2445 521 2507 omni
538 2465 682 2522 numero,
700 2443 749 2526 qni
767 2442 821 2504 init
837 2442 960 2505 circiter
974 2442 1085 2505 milium
1100 2452 1166 2520 XL,
1185 2441 1239 2506 uix
1253 2442 1274 2505 5

111 2545 281 2627 nece,.qui
297 2545 393 2628 prima
408 2547 538 2612 clamore
553 2547 654 2611 andito
669 2567 703 2610 se
720 2568 760 2609 ex
776 2546 881 2629 oppido
891 2546 1056 2623 eiecerunt,
1074 2544 1240 2609 incolumes

110 2646 152 2711 ad
166 2644 451 2733 Vercingetorigem
468 2661 682 2735 peruenerunt.
715 2645 801 2730 Quos
823 2649 873 2712 ille
896 2650 988 2713 multa
1011 2648 1070 2711 iam
1094 2659 1181 2712 nocte
1198 2646 1276 2711 sib

225 2874 380 2941 l·oeperunt
391 2875 424 2929 B.
527 2877 542 2929 3
556 2878 721 2943 derectisqne
735 2876 758 2927 Β
771 2876 792 2927 C
800 2891 814 2925 e
826 2878 853 2924 et
865 2871 975 2923 secund.
991 2870 1136 2920 Aednintr.
1151 2884 1177 2931 o,
1192 2873 1242 2934 qui

105 2948 191 3017 Julso
204 2953 234 3001 is
246 2952 271 3002 B
284 2953 459 3022 perlectisque
472 2955 530 3021 legi
545 2962 658 3017 aunon
680 2954 857 3022 perfectisque
872 2950 936 3001 bod
946 2955 989 3013 et,
1011 2953 1043 2998 ut
1058 2949 1197 3012 arbitror,
1212 2962 1239 2997 o.

225 3028 362 3081 leoborto
376 3033 408 3083 Β.
528 3033 608 3083 imbro
623 3033 646 3084 Β
660 3030 794 3097 ‘reliqni’‚
810 3029 885 3079 imbri
899 3028 948 3079 de.
1066 3027 1081 3076 5
1094 3032 1136 3074 est
1148 3040 1200 3075 om.
1216 3039 1240 3076 e.

225 3106 368 3173 denosque
380 3110 404 3160 Β
416 3115 445 3160 et
456 3110 566 3175 reliqui,
581 3126 642 3160 suos
656 3126 756 3176 quoquc
770 3108 838 3157 ede.
949 3106 964 3157 7
979 3103 1174 3169 legionibusque
1186 3103 1212 3154 A
1217 3102 1242 3155 B

113 3182 181 3247 cb,
196 3182 313 3247 legiones
327 3200 375 3236 eu.
501 3187 571 3237 iutra
584 3186 675 3236 uineas
689 3202 745 3248 eu‚·
759 3192 834 3235 entra
847 3184 939 3232 uineas
952 3183 993 3244 A,
1012 3189 1085 3231 extra
1099 3188 1189 3243 rastra
1201 3181 1241 3232 oi-

113 3276 180 3313 am
195 3260 220 3312 B
230 3261 254 3313 C
259 3262 294 3325 Β,
309 3263 382 3313 iuxta
396 3263 487 3313 uineas
497 3277 548 3327 pro
562 3278 622 3313 uer.
638 3263 700 3313 lect.
716 3264 740 3313 b.
857 3260 881 3309 io
896 3259 998 3310 occulto
1012 3275 1064 3309 oar.
1080 3260 1133 3323 be,
1148 3275 1200 3310 non
1214 3276 1238 3310 s.

224 3339 243 3391 11
255 3340 384 3406 expeditis
397 3340 527 3402 Auen,
542 3340 678 3406 expeditas
691 3354 742 3388 eu.
859 3337 1011 3387 cohortatus
1024 3336 1134 3403 reliqui,
1149 3337 1241 3388 eohor-

113 3422 188 3467 tatar
199 3414 372 3481 (uterere.
513 3419 529 3469 ⁹
542 3417 574 3467 iis
586 3415 682 3477 Aldus,
697 3417 737 3467 bis
750 3415 796 3481 (B)
810 3413 870 3466 edd.
884 3419 948 3465 uate
960 3414 1023 3465 Atd.
1038 3430 1066 3464 u.
1190 3417 1241 3481 pri-

114 3508 184 3545 ιιι
197 3493 223 3545 b.
352 3493 548 3559 (ascendissent
559 3494 594 3558 Β)
607 3494 785 3545 ascendissent
797 3507 834 3542 m.
846 3506 890 3557 pr.
904 3507 931 3555 o,
945 3496 979 3541 ut
987 3497 1065 3557 puto,
1080 3490 1239 3557 quodsaleo

113 3572 299 3625 Aebuiatriua
311 3570 488 3637 delii-edulii,
502 3573 688 3624 escendissent
700 3588 723 3622 a.
826 3572 858 3624 111
866 3569 965 3635 subito]
980 3572 1103 3622 celeriter
1115 3586 1150 3620 m.
1159 3586 1204 3637 pr.
1215 3573 1238 3622 b.

226 3648 260 3699 11
272 3648 422 3714 patentibus
436 3649 473 3699 be
486 3648 693 3715 (puteacioribus
706 3647 751 3713 Β).
904 3647 934 3699 tt
947 3654 1092 3713 pugnarent
1106 3649 1131 3699 b.

116 3728 149 3783 ii
161 3727 287 3781 contiuuo
301 3728 398 3795 impetu
411 3728 470 3779 eod.
485 3727 583 3781 Vrsini
596 3729 684 3779 Occu.
700 3732 726 3776 et
739 3728 839 3777 omisso
851 3725 946 3792 inpetu
961 3742 984 3775 e.
1110 3726 1141 3777 18
1154 3733 1242 3793 porta·

113 3822 172 3861 ru
183 3808 259 3859 exito
272 3822 331 3858 euna
345 3823 400 3858 uno
412 3808 428 3858 b
440 3823 468 3857 u.
590 3812 753 3872 praemerent
766 3804 798 3854 Β.
920 3802 951 3855 lb
965 3803 1015 3853 ium
1028 3819 1081 3853 om.
1096 3803 1131 3853 Β.

113 3884 150 3941 2⁰
161 3884 214 3953 sie]
231 3886 279 3937 sed
293 3886 308 3936 b
316 3923 325 3949 ,
346 3886 392 3937 sed
405 3891 434 3935 at
444 3884 480 3935 Β.
663 3880 761 3935 Genabi
773 3884 798 3934 Β
809 3887 836 3932 et
848 3880 964 3947 reliqui,
984 3881 1131 3951 ¹Geoabensi
1146 3882 1238 3933 bede.

112 3964 148 4019 Ρ.
161 3966 207 4019 11.
322 3966 356 4019 12
368 3964 436 4016 omni
451 3978 556 4015 numero
569 3963 594 4014 Β
606 3962 756 4028 dereliqui,
771 3959 838 4011 omni
852 3976 882 4010 eo
897 3976 1002 4011 unmero
1015 3960 1101 4011 obed
1108 3976 1133 4010 a.

114 4042 217 4095 alliam
235 4058 269 4095 aa
290 4044 314 4094 B
334 4043 415 4094 ‘sesa
433 4040 575 4109 plurimi',
597 4055 630 4091 xc
649 4040 748 4092 milium
766 4037 820 4105 (e)
837 4038 924 4091 Aldus
942 4038 985 4105 (is
1004 4037 1195 4105 quadraginta)
1212 4052 1241 4088 n.

226 4121 273 4171 uis
285 4118 419 4187 octogiuta
432 4118 546 4170 Orosius
558 4116 604 4180 VI,
621 4118 662 4170 11.
785 4116 819 4171 23
832 4116 966 4167 eiecerunt
978 4116 1002 4166 B
1017 4117 1088 4167 ‘mac
1101 4114 1241 4179 plurimi,

114 4198 255 4253 eiecerunt
261 4216 290 4253 u.
394 4200 428 4257 21
437 4196 668 4262 Vercingetorigen
685 4198 710 4247 b.
836 4203 912 4247 nocte
925 4194 1031 4246 silentio
1045 4208 1076 4245 es
1092 4190 1153 4256 insa
1165 4205 1244 4243 oxea·
