2646 5124
442 101 581 172 Cottttt.
600 104 613 168 1
638 104 732 170 CAP.
750 107 839 172 29--
851 108 902 173 31.
1241 124 1303 186 273

114 281 140 343 in
157 281 276 344 occulto
302 280 338 341 de
362 299 418 341 sua
434 280 622 362 omniumque
638 280 735 343 salute
751 302 818 343 cum
835 302 871 343 eo
887 304 977 368 agere
993 284 1112 349 liccrct.
1142 289 1191 352 Ea
1207 315 1240 355 re
1256 297 1277 357 2

119 383 264 469 inpetrata
279 403 352 447 sese
368 402 474 445 omnes
491 382 599 445 llentcs
615 378 744 447 Caesari
759 384 795 447 ad
812 384 903 468 pedes
918 386 1130 470 proiecerunt:
1166 386 1238 457 Nou

124 486 204 549 ninus
216 507 251 551 se
266 484 297 549 id
314 486 499 549 contendere
514 495 546 548 et
559 484 710 564 laborare,
735 507 773 549 ue
789 507 843 560 ca,
860 506 936 569 quae
951 485 1123 568 dixissent,
1140 511 1238 559 cuun-

124 588 263 666 tiarcntur,
280 608 372 671 quam
388 586 497 663 utica,
514 607 589 669 quae
606 589 730 665 uellent,
748 588 956 673 impetrarent,
974 596 1233 677 proptereaquod,

98 688 339 755 tn'ennntiatum
355 700 457 766 esset,
481 709 628 752 summum
644 690 675 754 in
691 690 855 753 cruciatum
871 710 905 753 se
921 702 1068 756 uenturos
1085 694 1234 761 uiderent.

127 788 239 883 locutam
254 804 304 859 est
318 814 375 876 pro
392 791 438 854 his
454 788 623 855 Diuitiacus
644 790 805 855 Haeduust
832 789 949 855 Galliae
972 794 1064 857 totius
1088 798 1234 865 lectiones
1249 800 1271 863 3

128 914 177 959 csse
194 896 287 960 duas:
314 895 421 959 harum
443 894 569 957 alterius
590 894 787 980 principatum
809 905 916 958 tencre
932 892 1088 977 Haeduos,
1112 900 1237 965 alterius

125 994 276 1063 druenms.
309 994 352 1060 Hi
376 1017 443 1059 cum
464 1007 620 1081 tantopere
639 998 675 1060 de
692 1006 851 1080 potentatu
865 996 947 1060 inter
961 1019 995 1061 se
1012 1001 1123 1064 multos
1139 1004 1273 1069 annosl

123 1101 335 1178 ontenderent,
354 1102 466 1163 factum
483 1119 563 1178 esse,
587 1098 631 1162 uti
645 1098 682 1163 ab
699 1097 851 1161 Aruernis
867 1095 1075 1185 Sequanisque
1091 1099 1237 1168 Germani

69 1194 108 1261 ¹0
120 1204 243 1268 nercede
256 1213 498 1267 arcesserentur.
530 1200 647 1265 Horum
667 1200 763 1285 primo
779 1202 901 1266 circiter
922 1202 1003 1266 milia
1024 1214 1075 1267 xv
1096 1203 1272 1270 lllrcuumd

121 1306 273 1369 uansksc:
290 1315 485 1391 posteaquam
500 1325 592 1389 agros
607 1315 638 1369 et
648 1305 760 1368 cultum
776 1316 807 1369 et
821 1305 922 1389 copias
932 1302 1087 1369 Gallorum
1098 1307 1236 1373 homines

118 1406 167 1471 leri
181 1428 216 1471 ac
230 1407 350 1471 ltarltari
366 1408 571 1486 adunassent,
593 1407 747 1471 traductos
763 1408 883 1492 plures:
907 1429 985 1472 nune
1002 1430 1070 1475 csse
1085 1410 1117 1473 in
1134 1407 1235 1475 Gallia

115 1510 145 1573 ad
159 1522 276 1575 eentum
293 1521 327 1575 et
346 1520 400 1574 n
421 1510 534 1573 milium
549 1531 717 1575 numerum.
752 1505 830 1573 Cum
847 1509 892 1574 his
907 1508 1051 1575 Haeduos
1067 1532 1231 1598 eorumque
1246 1512 1269 1578 li

112 1612 229 1677 clientes
245 1612 343 1677 semel
356 1622 446 1695 atque
461 1612 568 1677 iterum
584 1613 676 1676 armis
692 1612 902 1690 contendisse3
921 1634 1057 1697 magnam
1074 1614 1231 1678 calamita-

67 1714 95 1775 lt
108 1723 161 1779 tem
175 1714 285 1799 pulsos
293 1713 458 1799 accepisse,
474 1736 591 1780 omnem
599 1715 797 1790 nobilitatem,
814 1734 931 1779 omnem
944 1726 1094 1791 senatum,
1112 1738 1230 1782 omnem

107 1818 278 1901 equitatum
292 1816 437 1882 amisisse.
475 1815 590 1900 Quibus
607 1818 730 1902 proeliis
745 1816 1021 1899 calamitatibusque
1037 1820 1162 1896 lractos,
1180 1818 1266 1901 qui?

106 1930 136 1983 et
152 1940 213 1983 sua
228 1918 344 1983 uirtute
357 1930 388 1983 et
400 1921 496 2005 populi
511 1919 641 1984 llomani
663 1919 792 2005 hospitio
815 1929 903 2003 atque
925 1918 1057 1982 amicitia
1073 1919 1231 2002 plurimum

104 2031 178 2087 aute
198 2022 233 2085 in
251 2016 349 2085 Gallia
362 2022 541 2107 potuissent,
565 2033 686 2086 coactos
702 2042 770 2085 esse
786 2018 936 2105 Sequanis
952 2020 1073 2085 obsides
1089 2021 1161 2083 dare
1177 2040 1232 2083 no·

103 2124 272 2190 ltilissimos
286 2124 417 2190 ciuitatis
432 2134 463 2189 et
471 2124 663 2189 iureiurando
672 2125 824 2189 ciuitatem
834 2124 1039 2207 obstringere,
1056 2141 1125 2186 sese
1132 2142 1231 2205 neque

67 2234 87 2289 Ι
102 2226 221 2293 obsides
235 2228 420 2313 repetituros
441 2246 538 2311 neque
552 2228 701 2292 auxilium
716 2250 732 2291 a
749 2228 856 2313 populo
872 2226 1011 2291 Romano
1026 2224 1231 2311 inploraturos

103 2350 200 2415 neque
213 2342 429 2409 recusaturos,
452 2352 511 2413 quo
527 2330 624 2393 minus
640 2340 784 2414 perpetuo
799 2332 855 2394 sub
871 2330 991 2393 illorum
1007 2328 1125 2393 dicione
1141 2336 1231 2411 atque

103 2434 229 2519 imperio
243 2444 362 2499 cuent.
393 2430 495 2498 Vnum
510 2454 544 2496 se
559 2453 628 2496 csse
643 2453 684 2496 ex
699 2434 779 2497 omui
804 2433 927 2496 ciuitate
942 2430 1153 2511 Haeduorum,
1179 2432 1229 2514 qui
1244 2428 1266 2495 8

103 2534 208 2601 adduci
222 2558 286 2601 non
303 2537 445 2621 potuerit,
464 2547 497 2599 ut
511 2534 627 2600 iuraret
641 2546 694 2601 aut
705 2536 816 2600 liberos
831 2557 904 2600 suos
919 2535 1038 2601 obsides
1053 2536 1150 2599 daret.
1179 2530 1264 2598 ott

105 2658 167 2703 eam
186 2660 255 2705 nm
275 2660 311 2704 se
333 2660 375 2703 ex
389 2638 512 2703 ciuitate
527 2638 695 2724 profugisse
711 2649 743 2701 et
757 2636 884 2703 Romam
900 2640 936 2703 ad
952 2651 1090 2705 senatum
1104 2636 1228 2703 uenisse

68 2741 245 2805 aanxtttum
261 2740 462 2828 postulatum,
487 2741 564 2825 quod
579 2740 661 2805 solus
679 2762 774 2823 neque
793 2741 990 2804 iureiurando
1006 2762 1103 2823 neque
1119 2736 1229 2802 ohsidi-

107 2842 159 2909 lus
173 2856 344 2911 teneretur.
370 2840 430 2908 Sed
446 2844 530 2927 peius
546 2841 712 2907 uictoribus
730 2838 879 2925 Sequanis
895 2863 983 2928 qnam
994 2840 1129 2906 Haeduis
1142 2837 1230 2915 uictis
1247 2834 1289 2899 10

111 2948 264 3027 accidisse,
278 2957 439 3031 propterea
454 2946 532 3029 quod
547 2944 734 3021 Ariouistus,
751 2964 809 3009 rex
825 2940 1058 3018 Germanorum,
1075 2942 1107 3006 iu
1124 2960 1228 3004 eorum

114 3046 216 3113 inilrus
232 3050 416 3115 consedisset
431 3050 608 3131 tertiamque
625 3058 737 3132 partem
753 3046 819 3133 agri
835 3043 982 3129 Sequani,
1000 3046 1048 3128 qui
1062 3040 1229 3127 cssetopti-

117 3168 172 3215 nus
186 3152 281 3217 totius
296 3148 424 3229 Galliae,
442 3151 651 3236 occupauisset
666 3161 698 3213 ct
712 3173 790 3214 nunc
806 3151 842 3214 de
858 3153 954 3214 altera
969 3158 1054 3233 parte
1071 3147 1158 3212 tertia
1172 3141 1229 3209 Se-

88 3252 219 3333 llttcnos
231 3254 379 3319 decedere
394 3254 523 3329 iuberet,
541 3264 698 3337 propterea
713 3254 789 3337 quod
807 3254 910 3337 paucis
925 3253 1155 3317 mensibusantc
1165 3247 1227 3314 Ha·

124 3352 208 3420 rodum
223 3356 305 3421 milia
321 3358 475 3421 hominum
497 3366 597 3420 xxtttt
620 3355 657 3418 ad
673 3375 739 3418 curn
764 3355 936 3434 uenissent,
961 3355 1067 3440 quihus
1090 3355 1174 3420 locus
1190 3376 1226 3419 ac

129 3456 193 3523 ttlcs
206 3470 399 3544 pararentur.
430 3456 579 3523 Futurum
595 3479 663 3522 esse
680 3458 782 3542 paucis
797 3458 896 3535 annis,
919 3460 962 3522 uti
979 3480 1082 3523 omnes
1099 3480 1140 3523 ex
1155 3456 1227 3523 Gal·
1244 3455 1283 3519 ll

131 3552 285 3627 latntes
299 3562 498 3647 pellerentur,
515 3573 604 3645 atque
620 3582 723 3625 omnes
732 3558 877 3625 Germani
886 3557 1026 3626 Rhenum
1043 3559 1226 3625 transirent:

134 3674 203 3745 teque
223 3664 304 3730 enim
327 3665 544 3729 conferendum
568 3684 636 3728 esse
652 3660 801 3727 Gallicum
820 3684 886 3727 cum
902 3662 1124 3728 Germanorum
1139 3680 1226 3744 agro,

211 3872 500 3941 tuent01132ntesA.
606 3874 621 3924 l
635 3887 665 3922 ea
679 3888 732 3923 orn.
746 3872 771 3923 t.
878 3872 893 3924 d
907 3872 1002 3923 littera
1016 3878 1026 3921 t
1039 3872 1067 3921 tn
1080 3867 1228 3920 Diuitiaene

135 3952 209 4027 “f-n.
220 3956 254 4005 B.
363 3951 485 4003 Haeduos
497 3953 698 4015 supremus.
806 3949 1083 4002 ldarccsslrenturd.

135 4024 257 4082 tuuuA.
369 4026 604 4083 llinGalllnmd.
721 4026 751 4079 13
764 4035 866 4079 centum
879 4028 987 4090 ΒΜ.
1098 4022 1228 4088 toinpto·

134 4102 252 4161 “illust
356 4106 602 4172 ttuittouewpc.
709 4096 1228 4172 31auriniacensis(amarunt

135 4184 259 4240 unauna.
366 4188 398 4241 at
412 4203 469 4239 cnm
483 4202 538 4239 om.
552 4188 586 4239 A.

146 4270 378 4344 lcumeatttppcrt.
1015 4262 1056 4328 18
