<?xml version="1.0" encoding="UTF-8"?>
<!DOCTYPE html PUBLIC "-//W3C//DTD XHTML 1.0 Transitional//EN"
    "http://www.w3.org/TR/xhtml1/DTD/xhtml1-transitional.dtd">
<html xmlns="http://www.w3.org/1999/xhtml" xml:lang="en" lang="en">
 <head>
  <title>
</title>
<meta http-equiv="Content-Type" content="text/html;charset=utf-8" />
  <meta name='ocr-system' content='tesseract 3.04.00' />
  <meta name='ocr-capabilities' content='ocr_page ocr_carea ocr_par ocr_line ocrx_word'/>
</head>
<body>
  <div class='ocr_page' id='page_1' title='image "./civliicaesarisc01hirtgoog_0177.png"; bbox 0 0 2646 5124; ppageno 0'>
   <div class='ocr_carea' id='block_1_1' title="bbox 489 582 815 649">
    <p class='ocr_par' dir='ltr' id='par_1_1' title="bbox 489 582 815 649">
     <span class='ocr_line' id='line_1_1' title="bbox 489 582 815 649; baseline -0.018 2"><span class='ocrx_word' id='word_1_1' title='bbox 489 582 680 649; x_wconf 85' lang='lat' dir='ltr'>——llll</span> <span class='ocrx_word' id='word_1_2' title='bbox 727 622 815 635; x_wconf 89' lang='lat'><em>-</em></span> 
     </span>
    </p>
   </div>
   <div class='ocr_carea' id='block_1_2' title="bbox 77 756 1226 4541">
    <p class='ocr_par' dir='ltr' id='par_1_2' title="bbox 77 756 1222 3413">
     <span class='ocr_line' id='line_1_2' title="bbox 91 756 1215 846; baseline 0.003 -18"><span class='ocrx_word' id='word_1_3' title='bbox 91 763 252 845; x_wconf 73' lang='lat' dir='ltr'>nolemque</span> <span class='ocrx_word' id='word_1_4' title='bbox 275 758 312 821; x_wconf 88' lang='lat' dir='ltr'>ad</span> <span class='ocrx_word' id='word_1_5' title='bbox 333 756 464 821; x_wconf 87' lang='lat' dir='ltr'>insulam</span> <span class='ocrx_word' id='word_1_6' title='bbox 485 758 686 841; x_wconf 74' lang='lat' dir='ltr'>pertinentem</span> <span class='ocrx_word' id='word_1_7' title='bbox 706 758 738 821; x_wconf 93' lang='lat' dir='ltr'>in</span> <span class='ocrx_word' id='word_1_8' title='bbox 753 780 838 823; x_wconf 88' lang='lat' dir='ltr'>suam</span> <span class='ocrx_word' id='word_1_9' title='bbox 853 759 1008 843; x_wconf 80' lang='lat' dir='ltr'>redigeret</span> <span class='ocrx_word' id='word_1_10' title='bbox 1022 774 1215 846; x_wconf 80' lang='lat' dir='ltr'>potestatem.</span> 
     </span>
     <span class='ocr_line' id='line_1_3' title="bbox 83 860 1216 947; baseline 0 -16"><span class='ocrx_word' id='word_1_11' title='bbox 83 860 233 931; x_wconf 77' lang='lat' dir='ltr'>Perfectis</span> <span class='ocrx_word' id='word_1_12' title='bbox 254 863 337 929; x_wconf 85' lang='lat' dir='ltr'>enim</span> <span class='ocrx_word' id='word_1_13' title='bbox 359 882 470 944; x_wconf 85' lang='lat' dir='ltr'>magna</span> <span class='ocrx_word' id='word_1_14' title='bbox 488 881 532 924; x_wconf 84' lang='lat' dir='ltr'>ex</span> <span class='ocrx_word' id='word_1_15' title='bbox 545 872 629 945; x_wconf 84' lang='lat' dir='ltr'>parte</span> <span class='ocrx_word' id='word_1_16' title='bbox 644 861 858 926; x_wconf 89' lang='lat' dir='ltr'>munitionibus</span> <span class='ocrx_word' id='word_1_17' title='bbox 872 863 905 926; x_wconf 92' lang='lat' dir='ltr'>in</span> <span class='ocrx_word' id='word_1_18' title='bbox 920 865 1026 947; x_wconf 86' lang='lat' dir='ltr'>oppidu</span> <span class='ocrx_word' id='word_1_19' title='bbox 1042 877 1073 929; x_wconf 90' lang='lat' dir='ltr'>et</span> <span class='ocrx_word' id='word_1_20' title='bbox 1087 867 1168 931; x_wconf 87' lang='lat' dir='ltr'>illam</span> <span class='ocrx_word' id='word_1_21' title='bbox 1185 881 1216 933; x_wconf 93' lang='lat' dir='ltr'>et</span> 
     </span>
     <span class='ocr_line' id='line_1_4' title="bbox 82 964 1217 1050; baseline 0.002 -17"><span class='ocrx_word' id='word_1_22' title='bbox 82 968 185 1033; x_wconf 76' lang='lat' dir='ltr'>urbem</span> <span class='ocrx_word' id='word_1_23' title='bbox 201 989 264 1032; x_wconf 93' lang='lat' dir='ltr'>uno</span> <span class='ocrx_word' id='word_1_24' title='bbox 282 978 418 1050; x_wconf 90' lang='lat' dir='ltr'>tempore</span> <span class='ocrx_word' id='word_1_25' title='bbox 442 964 582 1047; x_wconf 86' lang='lat' dir='ltr'>temptari</span> <span class='ocrx_word' id='word_1_26' title='bbox 597 984 685 1047; x_wconf 88' lang='lat' dir='ltr'>posse</span> <span class='ocrx_word' id='word_1_27' title='bbox 701 966 891 1029; x_wconf 67' lang='lat' dir='ltr'>confidebat.</span> <span class='ocrx_word' id='word_1_28' title='bbox 916 964 1001 1030; x_wconf 86' lang='lat' dir='ltr'>llaec</span> <span class='ocrx_word' id='word_1_29' title='bbox 1017 970 1110 1032; x_wconf 90' lang='lat' dir='ltr'>uerba</span> <span class='ocrx_word' id='word_1_30' title='bbox 1124 972 1217 1035; x_wconf 84' lang='lat' dir='ltr'>aliter</span> 
     </span>
     <span class='ocr_line' id='line_1_5' title="bbox 77 1063 1212 1154; baseline 0 -18"><span class='ocrx_word' id='word_1_31' title='bbox 77 1070 216 1154; x_wconf 75' lang='lat' dir='ltr'>intellegi</span> <span class='ocrx_word' id='word_1_32' title='bbox 241 1090 305 1133; x_wconf 87' lang='lat' dir='ltr'>nun</span> <span class='ocrx_word' id='word_1_33' title='bbox 328 1080 475 1153; x_wconf 89' lang='lat' dir='ltr'>possunt,</span> <span class='ocrx_word' id='word_1_34' title='bbox 500 1066 560 1131; x_wconf 91' lang='lat' dir='ltr'>nisi</span> <span class='ocrx_word' id='word_1_35' title='bbox 579 1075 613 1129; x_wconf 87' lang='lat' dir='ltr'>nt</span> <span class='ocrx_word' id='word_1_36' title='bbox 637 1063 755 1133; x_wconf 74' lang='lat' dir='ltr'>Caesar</span> <span class='ocrx_word' id='word_1_37' title='bbox 769 1070 875 1131; x_wconf 82' lang='lat' dir='ltr'>codem</span> <span class='ocrx_word' id='word_1_38' title='bbox 892 1078 1023 1152; x_wconf 88' lang='lat' dir='ltr'>tempure</span> <span class='ocrx_word' id='word_1_39' title='bbox 1038 1082 1071 1135; x_wconf 91' lang='lat' dir='ltr'>et</span> <span class='ocrx_word' id='word_1_40' title='bbox 1084 1072 1212 1136; x_wconf 87' lang='lat' dir='ltr'>insulam</span> 
     </span>
     <span class='ocr_line' id='line_1_6' title="bbox 77 1170 1209 1256; baseline 0 -17"><span class='ocrx_word' id='word_1_41' title='bbox 77 1170 208 1239; x_wconf 79' lang='lat' dir='ltr'>l&#39;barum</span> <span class='ocrx_word' id='word_1_42' title='bbox 234 1183 267 1236; x_wconf 90' lang='lat' dir='ltr'>et</span> <span class='ocrx_word' id='word_1_43' title='bbox 282 1174 380 1255; x_wconf 90' lang='lat' dir='ltr'>ipsam</span> <span class='ocrx_word' id='word_1_44' title='bbox 395 1171 615 1235; x_wconf 74' lang='lat' dir='ltr'>Alexandriam</span> <span class='ocrx_word' id='word_1_45' title='bbox 638 1192 811 1256; x_wconf 88' lang='lat' dir='ltr'>oppugnare</span> <span class='ocrx_word' id='word_1_46' title='bbox 828 1172 961 1235; x_wconf 88' lang='lat' dir='ltr'>uoluisse</span> <span class='ocrx_word' id='word_1_47' title='bbox 976 1174 1104 1237; x_wconf 88' lang='lat' dir='ltr'>dicatur.</span> <span class='ocrx_word' id='word_1_48' title='bbox 1128 1174 1209 1239; x_wconf 88' lang='lat' dir='ltr'>Nam</span> 
     </span>
     <span class='ocr_line' id='line_1_7' title="bbox 77 1268 1211 1359; baseline -0.002 -16"><span class='ocrx_word' id='word_1_49' title='bbox 77 1278 177 1355; x_wconf 65' lang='lat' dir='ltr'>dens,</span> <span class='ocrx_word' id='word_1_50' title='bbox 194 1296 288 1359; x_wconf 79' lang='lat' dir='ltr'>quem</span> <span class='ocrx_word' id='word_1_51' title='bbox 298 1276 331 1339; x_wconf 87' lang='lat' dir='ltr'>in</span> <span class='ocrx_word' id='word_1_52' title='bbox 346 1273 447 1337; x_wconf 89' lang='lat' dir='ltr'>insula</span> <span class='ocrx_word' id='word_1_53' title='bbox 455 1274 549 1337; x_wconf 78' lang='lat' dir='ltr'>[nisse</span> <span class='ocrx_word' id='word_1_54' title='bbox 557 1268 674 1337; x_wconf 84' lang='lat' dir='ltr'>Cacsar</span> <span class='ocrx_word' id='word_1_55' title='bbox 682 1273 712 1336; x_wconf 91' lang='lat' dir='ltr'>b.</span> <span class='ocrx_word' id='word_1_56' title='bbox 722 1274 784 1337; x_wconf 90' lang='lat' dir='ltr'>cin.</span> <span class='ocrx_word' id='word_1_57' title='bbox 795 1270 851 1352; x_wconf 93' lang='lat' dir='ltr'>lll,</span> <span class='ocrx_word' id='word_1_58' title='bbox 865 1273 938 1347; x_wconf 80' lang='lat'>112,</span> <span class='ocrx_word' id='word_1_59' title='bbox 955 1272 1211 1356; x_wconf 81' lang='lat' dir='ltr'>ddenonstrauit,</span> 
     </span>
     <span class='ocr_line' id='line_1_8' title="bbox 79 1371 1215 1463; baseline 0.001 -20"><span class='ocrx_word' id='word_1_60' title='bbox 79 1400 139 1443; x_wconf 83' lang='lat' dir='ltr'>non</span> <span class='ocrx_word' id='word_1_61' title='bbox 153 1387 279 1463; x_wconf 87' lang='lat' dir='ltr'>poterat</span> <span class='ocrx_word' id='word_1_62' title='bbox 294 1377 369 1441; x_wconf 88' lang='lat' dir='ltr'>urbs</span> <span class='ocrx_word' id='word_1_63' title='bbox 384 1376 540 1461; x_wconf 85' lang='lat' dir='ltr'>appellari.</span> <span class='ocrx_word' id='word_1_64' title='bbox 564 1377 605 1440; x_wconf 84' lang='lat' dir='ltr'>At</span> <span class='ocrx_word' id='word_1_65' title='bbox 619 1375 838 1441; x_wconf 80' lang='lat' dir='ltr'>Alexandriam</span> <span class='ocrx_word' id='word_1_66' title='bbox 855 1371 1019 1441; x_wconf 78' lang='lat' dir='ltr'>Caesarem</span> <span class='ocrx_word' id='word_1_67' title='bbox 1035 1399 1097 1440; x_wconf 88' lang='lat' dir='ltr'>nun</span> <span class='ocrx_word' id='word_1_68' title='bbox 1112 1381 1215 1444; x_wconf 87' lang='lat' dir='ltr'>eodem</span> 
     </span>
     <span class='ocr_line' id='line_1_9' title="bbox 81 1479 1215 1566; baseline 0 -19"><span class='ocrx_word' id='word_1_69' title='bbox 81 1492 215 1566; x_wconf 78' lang='lat' dir='ltr'>tenpore</span> <span class='ocrx_word' id='word_1_70' title='bbox 231 1500 412 1566; x_wconf 77' lang='lat' dir='ltr'>oppugnare</span> <span class='ocrx_word' id='word_1_71' title='bbox 435 1480 566 1545; x_wconf 87' lang='lat' dir='ltr'>uoluisse</span> <span class='ocrx_word' id='word_1_72' title='bbox 587 1500 629 1544; x_wconf 83' lang='lat' dir='ltr'>ex</span> <span class='ocrx_word' id='word_1_73' title='bbox 648 1479 819 1563; x_wconf 83' lang='lat' dir='ltr'>insequenti</span> <span class='ocrx_word' id='word_1_74' title='bbox 835 1480 1011 1544; x_wconf 86' lang='lat' dir='ltr'>narratione</span> <span class='ocrx_word' id='word_1_75' title='bbox 1026 1492 1141 1545; x_wconf 90' lang='lat' dir='ltr'>certum</span> <span class='ocrx_word' id='word_1_76' title='bbox 1158 1493 1215 1547; x_wconf 89' lang='lat' dir='ltr'>est.</span> 
     </span>
     <span class='ocr_line' id='line_1_10' title="bbox 82 1582 1217 1667; baseline -0.002 -16"><span class='ocrx_word' id='word_1_77' title='bbox 82 1582 181 1651; x_wconf 75' lang='lat' dir='ltr'>bolam</span> <span class='ocrx_word' id='word_1_78' title='bbox 204 1584 290 1649; x_wconf 87' lang='lat' dir='ltr'>enim</span> <span class='ocrx_word' id='word_1_79' title='bbox 313 1583 446 1649; x_wconf 84' lang='lat' dir='ltr'>insulam</span> <span class='ocrx_word' id='word_1_80' title='bbox 468 1602 630 1667; x_wconf 75' lang='lat' dir='ltr'>aggressus</span> <span class='ocrx_word' id='word_1_81' title='bbox 652 1592 700 1646; x_wconf 87' lang='lat' dir='ltr'>est</span> <span class='ocrx_word' id='word_1_82' title='bbox 721 1583 858 1666; x_wconf 84' lang='lat' dir='ltr'>eteepit;</span> <span class='ocrx_word' id='word_1_83' title='bbox 876 1583 1051 1665; x_wconf 83' lang='lat' dir='ltr'>permutem</span> <span class='ocrx_word' id='word_1_84' title='bbox 1068 1583 1217 1650; x_wconf 84' lang='lat' dir='ltr'>abiusula</span> 
     </span>
     <span class='ocr_line' id='line_1_11' title="bbox 84 1682 1219 1773; baseline -0.001 -20"><span class='ocrx_word' id='word_1_85' title='bbox 84 1690 118 1753; x_wconf 87' lang='lat' dir='ltr'>ad</span> <span class='ocrx_word' id='word_1_86' title='bbox 131 1690 237 1753; x_wconf 82' lang='lat' dir='ltr'>arbem</span> <span class='ocrx_word' id='word_1_87' title='bbox 253 1687 459 1773; x_wconf 83' lang='lat' dir='ltr'>pertinentem</span> <span class='ocrx_word' id='word_1_88' title='bbox 474 1685 666 1767; x_wconf 85' lang='lat' dir='ltr'>(quaemcles</span> <span class='ocrx_word' id='word_1_89' title='bbox 675 1682 905 1753; x_wconf 76' lang='lat' dir='ltr'>dnscucu&#39;drou</span> <span class='ocrx_word' id='word_1_90' title='bbox 916 1685 1084 1767; x_wconf 82' lang='lat' dir='ltr'>dicebatur)</span> <span class='ocrx_word' id='word_1_91' title='bbox 1095 1699 1219 1772; x_wconf 89' lang='lat' dir='ltr'>postero</span> 
     </span>
     <span class='ocr_line' id='line_1_12' title="bbox 87 1786 1218 1873; baseline 0 -19"><span class='ocrx_word' id='word_1_92' title='bbox 87 1790 199 1855; x_wconf 66' lang='lat' dir='ltr'>mnan</span> <span class='ocrx_word' id='word_1_93' title='bbox 221 1791 270 1853; x_wconf 89' lang='lat' dir='ltr'>die</span> <span class='ocrx_word' id='word_1_94' title='bbox 294 1808 478 1873; x_wconf 85' lang='lat' dir='ltr'>progressus</span> <span class='ocrx_word' id='word_1_95' title='bbox 499 1800 548 1851; x_wconf 87' lang='lat' dir='ltr'>est</span> <span class='ocrx_word' id='word_1_96' title='bbox 568 1798 600 1851; x_wconf 87' lang='lat' dir='ltr'>ct</span> <span class='ocrx_word' id='word_1_97' title='bbox 614 1786 742 1851; x_wconf 89' lang='lat' dir='ltr'>alterum</span> <span class='ocrx_word' id='word_1_98' title='bbox 758 1799 878 1872; x_wconf 85' lang='lat' dir='ltr'>pontem</span> <span class='ocrx_word' id='word_1_99' title='bbox 893 1809 934 1851; x_wconf 84' lang='lat' dir='ltr'>ex</span> <span class='ocrx_word' id='word_1_100' title='bbox 949 1788 1064 1853; x_wconf 89' lang='lat' dir='ltr'>duobus</span> <span class='ocrx_word' id='word_1_101' title='bbox 1078 1790 1218 1855; x_wconf 76' lang='lat' dir='ltr'>Alexan·</span> 
     </span>
     <span class='ocr_line' id='line_1_13' title="bbox 89 1888 1214 1978; baseline 0 -20"><span class='ocrx_word' id='word_1_102' title='bbox 89 1892 165 1957; x_wconf 77' lang='lat' dir='ltr'>ltine</span> <span class='ocrx_word' id='word_1_103' title='bbox 179 1894 353 1978; x_wconf 88' lang='lat' dir='ltr'>propiorem</span> <span class='ocrx_word' id='word_1_104' title='bbox 370 1888 530 1974; x_wconf 85' lang='lat' dir='ltr'>occupauit</span> <span class='ocrx_word' id='word_1_105' title='bbox 544 1891 588 1975; x_wconf 88' lang='lat' dir='ltr'>(c.</span> <span class='ocrx_word' id='word_1_106' title='bbox 608 1888 660 1968; x_wconf 84' lang='lat'>19,</span> <span class='ocrx_word' id='word_1_107' title='bbox 676 1889 725 1970; x_wconf 75' lang='lat'>2).</span> <span class='ocrx_word' id='word_1_108' title='bbox 755 1888 818 1954; x_wconf 87' lang='lat' dir='ltr'>lam</span> <span class='ocrx_word' id='word_1_109' title='bbox 841 1891 872 1954; x_wconf 90' lang='lat' dir='ltr'>in</span> <span class='ocrx_word' id='word_1_110' title='bbox 892 1889 966 1954; x_wconf 91' lang='lat' dir='ltr'>Par.</span> <span class='ocrx_word' id='word_1_111' title='bbox 990 1913 1053 1956; x_wconf 88' lang='lat' dir='ltr'>sec.</span> <span class='ocrx_word' id='word_1_112' title='bbox 1070 1896 1214 1978; x_wconf 88' lang='lat' dir='ltr'>scriptum</span> 
     </span>
     <span class='ocr_line' id='line_1_14' title="bbox 91 1989 1212 2079; baseline 0 -20"><span class='ocrx_word' id='word_1_113' title='bbox 91 2007 135 2059; x_wconf 84' lang='lat' dir='ltr'>est</span> <span class='ocrx_word' id='word_1_114' title='bbox 152 1997 201 2059; x_wconf 85' lang='lat' dir='ltr'>‘in</span> <span class='ocrx_word' id='word_1_115' title='bbox 225 1996 338 2079; x_wconf 85' lang='lat' dir='ltr'>oppido</span> <span class='ocrx_word' id='word_1_116' title='bbox 362 1994 490 2057; x_wconf 80' lang='lat' dir='ltr'>stillam</span> <span class='ocrx_word' id='word_1_117' title='bbox 506 1992 639 2072; x_wconf 80' lang='lat' dir='ltr'>urbem&#39;3</span> <span class='ocrx_word' id='word_1_118' title='bbox 657 1994 687 2055; x_wconf 92' lang='lat' dir='ltr'>in</span> <span class='ocrx_word' id='word_1_119' title='bbox 702 1989 792 2057; x_wconf 86' lang='lat' dir='ltr'>Leid.</span> <span class='ocrx_word' id='word_1_120' title='bbox 811 2015 856 2078; x_wconf 86' lang='lat' dir='ltr'>pr.</span> <span class='ocrx_word' id='word_1_121' title='bbox 875 1991 956 2057; x_wconf 89' lang='lat' dir='ltr'>Scal.</span> <span class='ocrx_word' id='word_1_122' title='bbox 971 1990 1076 2059; x_wconf 90' lang='lat' dir='ltr'>Cuiac.</span> <span class='ocrx_word' id='word_1_123' title='bbox 1101 1998 1146 2060; x_wconf 79' lang='lat' dir='ltr'>‘in</span> <span class='ocrx_word' id='word_1_124' title='bbox 1160 2018 1212 2079; x_wconf 91' lang='lat' dir='ltr'>op-</span> 
     </span>
     <span class='ocr_line' id='line_1_15' title="bbox 95 2093 1213 2183; baseline -0.001 -21"><span class='ocrx_word' id='word_1_125' title='bbox 95 2098 154 2183; x_wconf 89' lang='lat' dir='ltr'>pido</span> <span class='ocrx_word' id='word_1_126' title='bbox 168 2110 201 2163; x_wconf 91' lang='lat' dir='ltr'>et</span> <span class='ocrx_word' id='word_1_127' title='bbox 216 2099 270 2161; x_wconf 83' lang='lat' dir='ltr'>illa</span> <span class='ocrx_word' id='word_1_128' title='bbox 286 2099 320 2161; x_wconf 91' lang='lat' dir='ltr'>in</span> <span class='ocrx_word' id='word_1_129' title='bbox 336 2094 473 2174; x_wconf 68' lang='lat' dir='ltr'>urbem’,</span> <span class='ocrx_word' id='word_1_130' title='bbox 496 2096 528 2159; x_wconf 92' lang='lat' dir='ltr'>in</span> <span class='ocrx_word' id='word_1_131' title='bbox 544 2093 611 2159; x_wconf 87' lang='lat' dir='ltr'>Pet.</span> <span class='ocrx_word' id='word_1_132' title='bbox 630 2094 702 2161; x_wconf 82' lang='lat' dir='ltr'>Vrs.</span> <span class='ocrx_word' id='word_1_133' title='bbox 722 2093 815 2160; x_wconf 79' lang='lat' dir='ltr'>Voss.</span> <span class='ocrx_word' id='word_1_134' title='bbox 842 2098 886 2161; x_wconf 85' lang='lat' dir='ltr'>‘in</span> <span class='ocrx_word' id='word_1_135' title='bbox 911 2098 1016 2180; x_wconf 90' lang='lat' dir='ltr'>oppido</span> <span class='ocrx_word' id='word_1_136' title='bbox 1038 2109 1069 2161; x_wconf 87' lang='lat' dir='ltr'>et</span> <span class='ocrx_word' id='word_1_137' title='bbox 1084 2099 1165 2163; x_wconf 90' lang='lat' dir='ltr'>illam</span> <span class='ocrx_word' id='word_1_138' title='bbox 1182 2100 1213 2162; x_wconf 90' lang='lat' dir='ltr'>in</span> 
     </span>
     <span class='ocr_line' id='line_1_16' title="bbox 93 2196 1215 2283; baseline 0 -18"><span class='ocrx_word' id='word_1_139' title='bbox 93 2201 183 2265; x_wconf 80' lang='lat' dir='ltr'>nrbe&#39;.</span> <span class='ocrx_word' id='word_1_140' title='bbox 210 2198 318 2283; x_wconf 82' lang='lat' dir='ltr'>ltaque</span> <span class='ocrx_word' id='word_1_141' title='bbox 339 2196 474 2262; x_wconf 87' lang='lat' dir='ltr'>llirtium</span> <span class='ocrx_word' id='word_1_142' title='bbox 495 2198 540 2261; x_wconf 86' lang='lat' dir='ltr'>ita</span> <span class='ocrx_word' id='word_1_143' title='bbox 560 2199 720 2282; x_wconf 80' lang='lat' dir='ltr'>scripsisse</span> <span class='ocrx_word' id='word_1_144' title='bbox 741 2199 934 2263; x_wconf 80' lang='lat' dir='ltr'>existimaui:</span> <span class='ocrx_word' id='word_1_145' title='bbox 961 2196 1120 2263; x_wconf 84' lang='lat' dir='ltr'>‘Pericctis</span> <span class='ocrx_word' id='word_1_146' title='bbox 1135 2203 1215 2265; x_wconf 88' lang='lat' dir='ltr'>euim</span> 
     </span>
     <span class='ocr_line' id='line_1_17' title="bbox 93 2301 1217 2387; baseline 0 -22"><span class='ocrx_word' id='word_1_147' title='bbox 93 2324 201 2387; x_wconf 83' lang='lat' dir='ltr'>magna</span> <span class='ocrx_word' id='word_1_148' title='bbox 214 2322 257 2367; x_wconf 82' lang='lat' dir='ltr'>ex</span> <span class='ocrx_word' id='word_1_149' title='bbox 271 2312 355 2385; x_wconf 87' lang='lat' dir='ltr'>parte</span> <span class='ocrx_word' id='word_1_150' title='bbox 368 2301 585 2365; x_wconf 70' lang='lat' dir='ltr'>munitionibus</span> <span class='ocrx_word' id='word_1_151' title='bbox 605 2302 637 2365; x_wconf 95' lang='lat' dir='ltr'>in</span> <span class='ocrx_word' id='word_1_152' title='bbox 652 2302 759 2385; x_wconf 90' lang='lat' dir='ltr'>oppido</span> <span class='ocrx_word' id='word_1_153' title='bbox 774 2302 863 2365; x_wconf 87' lang='lat' dir='ltr'>etiam</span> <span class='ocrx_word' id='word_1_154' title='bbox 880 2302 933 2365; x_wconf 88' lang='lat' dir='ltr'>illa</span> <span class='ocrx_word' id='word_1_155' title='bbox 948 2302 1050 2364; x_wconf 87' lang='lat' dir='ltr'>urbem</span> <span class='ocrx_word' id='word_1_156' title='bbox 1066 2323 1126 2364; x_wconf 90' lang='lat' dir='ltr'>nno</span> <span class='ocrx_word' id='word_1_157' title='bbox 1142 2313 1217 2365; x_wconf 87' lang='lat' dir='ltr'>tern-</span> 
     </span>
     <span class='ocr_line' id='line_1_18' title="bbox 94 2402 1217 2488; baseline -0.001 -20"><span class='ocrx_word' id='word_1_158' title='bbox 94 2425 165 2487; x_wconf 89' lang='lat' dir='ltr'>pore</span> <span class='ocrx_word' id='word_1_159' title='bbox 180 2404 319 2487; x_wconf 84' lang='lat' dir='ltr'>temptari</span> <span class='ocrx_word' id='word_1_160' title='bbox 333 2424 420 2488; x_wconf 85' lang='lat' dir='ltr'>posse</span> <span class='ocrx_word' id='word_1_161' title='bbox 436 2402 625 2467; x_wconf 87' lang='lat' dir='ltr'>contidebat&#39;.</span> <span class='ocrx_word' id='word_1_162' title='bbox 650 2402 717 2467; x_wconf 85' lang='lat' dir='ltr'>ldoc</span> <span class='ocrx_word' id='word_1_163' title='bbox 732 2405 810 2467; x_wconf 92' lang='lat' dir='ltr'>enim</span> <span class='ocrx_word' id='word_1_164' title='bbox 820 2403 1128 2468; x_wconf 82' lang='lat' dir='ltr'>Caesarisconsilium</span> <span class='ocrx_word' id='word_1_165' title='bbox 1137 2415 1217 2481; x_wconf 91' lang='lat' dir='ltr'>erat,</span> 
     </span>
     <span class='ocr_line' id='line_1_19' title="bbox 93 2504 1219 2592; baseline 0 -23"><span class='ocrx_word' id='word_1_166' title='bbox 93 2517 134 2583; x_wconf 79' lang='lat' dir='ltr'>at,</span> <span class='ocrx_word' id='word_1_167' title='bbox 158 2528 226 2571; x_wconf 89' lang='lat' dir='ltr'>cnm</span> <span class='ocrx_word' id='word_1_168' title='bbox 249 2507 390 2590; x_wconf 81' lang='lat' dir='ltr'>perfectis</span> <span class='ocrx_word' id='word_1_169' title='bbox 413 2506 640 2585; x_wconf 86' lang='lat' dir='ltr'>munitionibus,</span> <span class='ocrx_word' id='word_1_170' title='bbox 665 2528 740 2591; x_wconf 87' lang='lat' dir='ltr'>quas</span> <span class='ocrx_word' id='word_1_171' title='bbox 755 2508 787 2571; x_wconf 93' lang='lat' dir='ltr'>in</span> <span class='ocrx_word' id='word_1_172' title='bbox 803 2508 869 2592; x_wconf 91' lang='lat' dir='ltr'>ipsa</span> <span class='ocrx_word' id='word_1_173' title='bbox 885 2506 959 2569; x_wconf 88' lang='lat' dir='ltr'>urbe</span> <span class='ocrx_word' id='word_1_174' title='bbox 975 2506 1161 2583; x_wconf 85' lang='lat' dir='ltr'>instituerat,</span> <span class='ocrx_word' id='word_1_175' title='bbox 1178 2504 1219 2569; x_wconf 93' lang='lat' dir='ltr'>ibi</span> 
     </span>
     <span class='ocr_line' id='line_1_20' title="bbox 95 2608 1218 2693; baseline -0.003 -19"><span class='ocrx_word' id='word_1_176' title='bbox 95 2610 226 2675; x_wconf 76' lang='lat' dir='ltr'>omnibns</span> <span class='ocrx_word' id='word_1_177' title='bbox 241 2610 336 2693; x_wconf 88' lang='lat' dir='ltr'>copiis</span> <span class='ocrx_word' id='word_1_178' title='bbox 352 2630 413 2673; x_wconf 87' lang='lat' dir='ltr'>nnn</span> <span class='ocrx_word' id='word_1_179' title='bbox 427 2609 588 2693; x_wconf 89' lang='lat' dir='ltr'>indigeret,</span> <span class='ocrx_word' id='word_1_180' title='bbox 613 2621 699 2693; x_wconf 89' lang='lat' dir='ltr'>capta</span> <span class='ocrx_word' id='word_1_181' title='bbox 715 2611 814 2673; x_wconf 87' lang='lat' dir='ltr'>insula</span> <span class='ocrx_word' id='word_1_182' title='bbox 829 2619 861 2673; x_wconf 90' lang='lat' dir='ltr'>et</span> <span class='ocrx_word' id='word_1_183' title='bbox 876 2609 1076 2692; x_wconf 85' lang='lat' dir='ltr'>beptastndio,</span> <span class='ocrx_word' id='word_1_184' title='bbox 1099 2630 1157 2690; x_wconf 82' lang='lat' dir='ltr'>qno</span> <span class='ocrx_word' id='word_1_185' title='bbox 1171 2608 1218 2671; x_wconf 89' lang='lat' dir='ltr'>iu-</span> 
     </span>
     <span class='ocr_line' id='line_1_21' title="bbox 95 2710 1218 2796; baseline -0.003 -18"><span class='ocrx_word' id='word_1_186' title='bbox 95 2716 153 2779; x_wconf 82' lang='lat' dir='ltr'>rula</span> <span class='ocrx_word' id='word_1_187' title='bbox 174 2735 241 2777; x_wconf 89' lang='lat' dir='ltr'>cum</span> <span class='ocrx_word' id='word_1_188' title='bbox 263 2712 338 2777; x_wconf 87' lang='lat' dir='ltr'>urbe</span> <span class='ocrx_word' id='word_1_189' title='bbox 360 2710 609 2795; x_wconf 84' lang='lat' dir='ltr'>coniungebatnr,</span> <span class='ocrx_word' id='word_1_190' title='bbox 635 2734 695 2776; x_wconf 92' lang='lat' dir='ltr'>uno</span> <span class='ocrx_word' id='word_1_191' title='bbox 710 2722 845 2796; x_wconf 88' lang='lat' dir='ltr'>tempore</span> <span class='ocrx_word' id='word_1_192' title='bbox 860 2723 892 2775; x_wconf 88' lang='lat' dir='ltr'>et</span> <span class='ocrx_word' id='word_1_193' title='bbox 906 2733 948 2774; x_wconf 81' lang='lat' dir='ltr'>ex</span> <span class='ocrx_word' id='word_1_194' title='bbox 962 2712 1026 2775; x_wconf 87' lang='lat' dir='ltr'>suis</span> <span class='ocrx_word' id='word_1_195' title='bbox 1043 2711 1218 2777; x_wconf 90' lang='lat' dir='ltr'>munitioni·</span> 
     </span>
     <span class='ocr_line' id='line_1_22' title="bbox 93 2812 1217 2901; baseline -0.002 -20"><span class='ocrx_word' id='word_1_196' title='bbox 93 2815 157 2890; x_wconf 79' lang='lat' dir='ltr'>lm,</span> <span class='ocrx_word' id='word_1_197' title='bbox 172 2836 248 2899; x_wconf 78' lang='lat' dir='ltr'>puae</span> <span class='ocrx_word' id='word_1_198' title='bbox 263 2816 419 2901; x_wconf 87' lang='lat' dir='ltr'>perlectae</span> <span class='ocrx_word' id='word_1_199' title='bbox 432 2826 531 2891; x_wconf 83' lang='lat' dir='ltr'>erant,</span> <span class='ocrx_word' id='word_1_200' title='bbox 547 2825 578 2878; x_wconf 93' lang='lat' dir='ltr'>et</span> <span class='ocrx_word' id='word_1_201' title='bbox 593 2814 645 2879; x_wconf 89' lang='lat' dir='ltr'>illa</span> <span class='ocrx_word' id='word_1_202' title='bbox 660 2826 746 2899; x_wconf 87' lang='lat' dir='ltr'>parte</span> <span class='ocrx_word' id='word_1_203' title='bbox 753 2814 791 2877; x_wconf 91' lang='lat' dir='ltr'>ab</span> <span class='ocrx_word' id='word_1_204' title='bbox 799 2814 988 2898; x_wconf 88' lang='lat' dir='ltr'>bcptastadiu</span> <span class='ocrx_word' id='word_1_205' title='bbox 997 2812 1217 2879; x_wconf 74' lang='lat' dir='ltr'>Alexandriam</span> 
     </span>
     <span class='ocr_line' id='line_1_23' title="bbox 94 2915 1216 3007; baseline 0 -24"><span class='ocrx_word' id='word_1_206' title='bbox 94 2929 287 3007; x_wconf 83' lang='lat' dir='ltr'>oppugnaret.</span> <span class='ocrx_word' id='word_1_207' title='bbox 313 2915 396 2981; x_wconf 88' lang='lat' dir='ltr'>Vrbs</span> <span class='ocrx_word' id='word_1_208' title='bbox 418 2927 449 2979; x_wconf 91' lang='lat' dir='ltr'>et</span> <span class='ocrx_word' id='word_1_209' title='bbox 470 2916 608 3002; x_wconf 89' lang='lat' dir='ltr'>oppidum</span> <span class='ocrx_word' id='word_1_210' title='bbox 629 2916 817 2981; x_wconf 77' lang='lat' dir='ltr'>Alexandria</span> <span class='ocrx_word' id='word_1_211' title='bbox 835 2938 929 3001; x_wconf 86' lang='lat' dir='ltr'>paruo</span> <span class='ocrx_word' id='word_1_212' title='bbox 944 2918 1040 3001; x_wconf 84' lang='lat' dir='ltr'>spatio</span> <span class='ocrx_word' id='word_1_213' title='bbox 1055 2918 1216 2983; x_wconf 89' lang='lat' dir='ltr'>interiecto</span> 
     </span>
     <span class='ocr_line' id='line_1_24' title="bbox 91 3016 1216 3104; baseline -0.003 -17"><span class='ocrx_word' id='word_1_214' title='bbox 91 3024 214 3087; x_wconf 79' lang='grc' dir='ltr'>ιῑὶιιιιο.</span> <span class='ocrx_word' id='word_1_215' title='bbox 224 3023 257 3099; x_wconf 87' lang='grc'>1,</span> <span class='ocrx_word' id='word_1_216' title='bbox 274 3018 363 3083; x_wconf 68' lang='lat' dir='ltr'>teus</span> <span class='ocrx_word' id='word_1_217' title='bbox 378 3019 554 3104; x_wconf 87' lang='lat' dir='ltr'>appellatur.</span> <span class='ocrx_word' id='word_1_218' title='bbox 578 3016 822 3103; x_wconf 86' lang='lat' dir='ltr'>Oudendorpius,</span> <span class='ocrx_word' id='word_1_219' title='bbox 832 3040 899 3083; x_wconf 91' lang='lat' dir='ltr'>cum</span> <span class='ocrx_word' id='word_1_220' title='bbox 908 3021 1062 3085; x_wconf 78' lang='lat' dir='ltr'>coniceret</span> <span class='ocrx_word' id='word_1_221' title='bbox 1077 3029 1121 3085; x_wconf 85' lang='lat' dir='ltr'>‘et</span> <span class='ocrx_word' id='word_1_222' title='bbox 1134 3021 1216 3087; x_wconf 82' lang='lat' dir='ltr'>illam</span> 
     </span>
     <span class='ocr_line' id='line_1_25' title="bbox 91 3122 1217 3204; baseline -0.005 -11"><span class='ocrx_word' id='word_1_223' title='bbox 91 3138 120 3193; x_wconf 86' lang='lat' dir='ltr'>et</span> <span class='ocrx_word' id='word_1_224' title='bbox 137 3128 288 3201; x_wconf 84' lang='lat' dir='ltr'>tnrrem&#39;,</span> <span class='ocrx_word' id='word_1_225' title='bbox 313 3144 374 3188; x_wconf 88' lang='lat' dir='ltr'>non</span> <span class='ocrx_word' id='word_1_226' title='bbox 397 3124 573 3188; x_wconf 88' lang='lat' dir='ltr'>meminerat</span> <span class='ocrx_word' id='word_1_227' title='bbox 593 3133 718 3199; x_wconf 89' lang='lat' dir='ltr'>turrem,</span> <span class='ocrx_word' id='word_1_228' title='bbox 744 3142 822 3204; x_wconf 86' lang='lat' dir='ltr'>quae</span> <span class='ocrx_word' id='word_1_229' title='bbox 843 3122 879 3184; x_wconf 89' lang='lat' dir='ltr'>ad</span> <span class='ocrx_word' id='word_1_230' title='bbox 900 3122 1078 3187; x_wconf 86' lang='lat' dir='ltr'>orientalem</span> <span class='ocrx_word' id='word_1_231' title='bbox 1099 3124 1217 3187; x_wconf 79' lang='lat' dir='ltr'>innubae</span> 
     </span>
     <span class='ocr_line' id='line_1_26' title="bbox 89 3221 1222 3315; baseline -0.008 -19"><span class='ocrx_word' id='word_1_232' title='bbox 89 3242 197 3315; x_wconf 72' lang='grc' dir='ltr'>μιιιιι</span> <span class='ocrx_word' id='word_1_233' title='bbox 213 3230 277 3294; x_wconf 89' lang='lat' dir='ltr'>sita</span> <span class='ocrx_word' id='word_1_234' title='bbox 293 3229 360 3312; x_wconf 90' lang='lat' dir='ltr'>ipsa</span> <span class='ocrx_word' id='word_1_235' title='bbox 374 3245 490 3309; x_wconf 82' lang='lat' dir='ltr'>quoque</span> <span class='ocrx_word' id='word_1_236' title='bbox 506 3225 624 3290; x_wconf 83' lang='lat' dir='ltr'>Pbaros</span> <span class='ocrx_word' id='word_1_237' title='bbox 638 3225 806 3300; x_wconf 80' lang='lat' dir='ltr'>dicebatur,</span> <span class='ocrx_word' id='word_1_238' title='bbox 824 3223 925 3286; x_wconf 81' lang='lat' dir='ltr'>statim</span> <span class='ocrx_word' id='word_1_239' title='bbox 937 3221 1222 3288; x_wconf 84' lang='lat' dir='ltr'>mctobelloaCae·</span> 
     </span>
     <span class='ocr_line' id='line_1_27' title="bbox 89 3322 989 3413; baseline -0.02 -10"><span class='ocrx_word' id='word_1_240' title='bbox 89 3354 154 3403; x_wconf 75' lang='lat' dir='ltr'>rnre</span> <span class='ocrx_word' id='word_1_241' title='bbox 168 3354 243 3399; x_wconf 87' lang='lat' dir='ltr'>esse</span> <span class='ocrx_word' id='word_1_242' title='bbox 258 3339 448 3413; x_wconf 86' lang='lat' dir='ltr'>occupatam,</span> <span class='ocrx_word' id='word_1_243' title='bbox 465 3330 542 3412; x_wconf 87' lang='lat' dir='ltr'>qnod</span> <span class='ocrx_word' id='word_1_244' title='bbox 558 3328 695 3393; x_wconf 87' lang='lat' dir='ltr'>narrauit</span> <span class='ocrx_word' id='word_1_245' title='bbox 709 3327 739 3389; x_wconf 91' lang='lat' dir='ltr'>b.</span> <span class='ocrx_word' id='word_1_246' title='bbox 759 3327 820 3390; x_wconf 90' lang='lat' dir='ltr'>cio.</span> <span class='ocrx_word' id='word_1_247' title='bbox 838 3322 896 3402; x_wconf 92' lang='lat' dir='ltr'>lll,</span> <span class='ocrx_word' id='word_1_248' title='bbox 914 3324 989 3387; x_wconf 77' lang='lat'>112.</span> 
     </span>
    </p>

    <p class='ocr_par' dir='ltr' id='par_1_3' title="bbox 88 3425 1226 4541">
     <span class='ocr_line' id='line_1_28' title="bbox 168 3425 1221 3517; baseline -0.007 -17"><span class='ocrx_word' id='word_1_249' title='bbox 168 3436 285 3502; x_wconf 83' lang='lat' dir='ltr'>Eiusd.</span> <span class='ocrx_word' id='word_1_250' title='bbox 301 3456 330 3497; x_wconf 87' lang='lat' dir='ltr'>c.</span> <span class='ocrx_word' id='word_1_251' title='bbox 340 3432 403 3517; x_wconf 79' lang='lat'>§.3</span> <span class='ocrx_word' id='word_1_252' title='bbox 419 3433 492 3496; x_wconf 86' lang='lat' dir='ltr'>baec</span> <span class='ocrx_word' id='word_1_253' title='bbox 506 3432 718 3515; x_wconf 82' lang='lat' dir='ltr'>excipiebant:</span> <span class='ocrx_word' id='word_1_254' title='bbox 739 3425 822 3511; x_wconf 80' lang='lat' dir='ltr'>‘Quo</span> <span class='ocrx_word' id='word_1_255' title='bbox 838 3438 927 3511; x_wconf 82' lang='lat' dir='ltr'>capto</span> <span class='ocrx_word' id='word_1_256' title='bbox 942 3426 1070 3492; x_wconf 89' lang='lat' dir='ltr'>consilio</span> <span class='ocrx_word' id='word_1_257' title='bbox 1081 3429 1221 3493; x_wconf 87' lang='lat' dir='ltr'>cobortes</span> 
     </span>
     <span class='ocr_line' id='line_1_29' title="bbox 88 3527 1222 3616; baseline -0.007 -13"><span class='ocrx_word' id='word_1_258' title='bbox 88 3536 164 3605; x_wconf 83' lang='lat' dir='ltr'>Xet</span> <span class='ocrx_word' id='word_1_259' title='bbox 179 3538 264 3603; x_wconf 85' lang='lat' dir='ltr'>lenis</span> <span class='ocrx_word' id='word_1_260' title='bbox 279 3547 447 3601; x_wconf 86' lang='lat' dir='ltr'>armaturae</span> <span class='ocrx_word' id='word_1_261' title='bbox 462 3534 588 3607; x_wconf 86' lang='lat' dir='ltr'>electos,</span> <span class='ocrx_word' id='word_1_262' title='bbox 606 3554 681 3616; x_wconf 90' lang='lat' dir='ltr'>quos</span> <span class='ocrx_word' id='word_1_263' title='bbox 696 3533 823 3596; x_wconf 88' lang='lat' dir='ltr'>idoneos</span> <span class='ocrx_word' id='word_1_264' title='bbox 839 3552 880 3595; x_wconf 85' lang='lat' dir='ltr'>cx</span> <span class='ocrx_word' id='word_1_265' title='bbox 895 3532 1047 3614; x_wconf 89' lang='lat' dir='ltr'>equitibus</span> <span class='ocrx_word' id='word_1_266' title='bbox 1059 3527 1156 3594; x_wconf 86' lang='lat' dir='ltr'>Gallis</span> <span class='ocrx_word' id='word_1_267' title='bbox 1171 3552 1222 3595; x_wconf 86' lang='lat' dir='ltr'>ar-</span> 
     </span>
     <span class='ocr_line' id='line_1_30' title="bbox 89 3634 1218 3722; baseline -0.007 -16"><span class='ocrx_word' id='word_1_268' title='bbox 89 3642 274 3717; x_wconf 82' lang='lat' dir='ltr'>bitrabatur,</span> <span class='ocrx_word' id='word_1_269' title='bbox 295 3642 328 3703; x_wconf 89' lang='lat' dir='ltr'>in</span> <span class='ocrx_word' id='word_1_270' title='bbox 350 3638 471 3722; x_wconf 82' lang='lat' dir='ltr'>nauigia</span> <span class='ocrx_word' id='word_1_271' title='bbox 492 3637 610 3700; x_wconf 88' lang='lat' dir='ltr'>minora</span> <span class='ocrx_word' id='word_1_272' title='bbox 630 3636 815 3720; x_wconf 83' lang='lat' dir='ltr'>scapbnsque</span> <span class='ocrx_word' id='word_1_273' title='bbox 839 3635 976 3718; x_wconf 87' lang='lat' dir='ltr'>imponit,</span> <span class='ocrx_word' id='word_1_274' title='bbox 1002 3634 1072 3698; x_wconf 87' lang='lat' dir='ltr'>inde</span> <span class='ocrx_word' id='word_1_275' title='bbox 1094 3635 1218 3699; x_wconf 88' lang='lat' dir='ltr'>alteram</span> 
     </span>
     <span class='ocr_line' id='line_1_31' title="bbox 90 3737 1221 3826; baseline -0.007 -19"><span class='ocrx_word' id='word_1_276' title='bbox 90 3744 204 3808; x_wconf 80' lang='lat' dir='ltr'>insulse</span> <span class='ocrx_word' id='word_1_277' title='bbox 221 3752 339 3826; x_wconf 88' lang='lat' dir='ltr'>partem</span> <span class='ocrx_word' id='word_1_278' title='bbox 355 3741 541 3805; x_wconf 86' lang='lat' dir='ltr'>distinendae</span> <span class='ocrx_word' id='word_1_279' title='bbox 563 3760 670 3802; x_wconf 89' lang='lat' dir='ltr'>manns</span> <span class='ocrx_word' id='word_1_280' title='bbox 685 3760 777 3801; x_wconf 82' lang='lat' dir='ltr'>causa</span> <span class='ocrx_word' id='word_1_281' title='bbox 792 3738 955 3801; x_wconf 85' lang='lat' dir='ltr'>constratis</span> <span class='ocrx_word' id='word_1_282' title='bbox 971 3737 1097 3801; x_wconf 82' lang='lat' dir='ltr'>nauibus</span> <span class='ocrx_word' id='word_1_283' title='bbox 1112 3758 1221 3823; x_wconf 82' lang='lat' dir='ltr'>aggre-</span> 
     </span>
     <span class='ocr_line' id='line_1_32' title="bbox 93 3836 1219 3931; baseline -0.009 -20"><span class='ocrx_word' id='word_1_284' title='bbox 93 3848 167 3911; x_wconf 76' lang='lat' dir='ltr'>dtnr</span> <span class='ocrx_word' id='word_1_285' title='bbox 179 3844 329 3931; x_wconf 88' lang='lat' dir='ltr'>praemiis</span> <span class='ocrx_word' id='word_1_286' title='bbox 343 3843 459 3929; x_wconf 85' lang='lat' dir='ltr'>magnis</span> <span class='ocrx_word' id='word_1_287' title='bbox 475 3840 647 3926; x_wconf 87' lang='lat' dir='ltr'>propositis,</span> <span class='ocrx_word' id='word_1_288' title='bbox 664 3841 713 3923; x_wconf 88' lang='lat' dir='ltr'>qui</span> <span class='ocrx_word' id='word_1_289' title='bbox 725 3842 837 3924; x_wconf 90' lang='lat' dir='ltr'>primus</span> <span class='ocrx_word' id='word_1_290' title='bbox 847 3841 973 3902; x_wconf 87' lang='lat' dir='ltr'>insulam</span> <span class='ocrx_word' id='word_1_291' title='bbox 982 3840 1136 3924; x_wconf 89' lang='lat' dir='ltr'>cepisset&#39;.</span> <span class='ocrx_word' id='word_1_292' title='bbox 1161 3836 1219 3901; x_wconf 85' lang='lat' dir='ltr'>llic</span> 
     </span>
     <span class='ocr_line' id='line_1_33' title="bbox 94 3942 1219 4031; baseline -0.012 -16"><span class='ocrx_word' id='word_1_293' title='bbox 94 3950 214 4031; x_wconf 79' lang='lat' dir='ltr'>prienen</span> <span class='ocrx_word' id='word_1_294' title='bbox 230 3958 318 4013; x_wconf 84' lang='lat' dir='ltr'>recte</span> <span class='ocrx_word' id='word_1_295' title='bbox 326 3944 449 4029; x_wconf 86' lang='lat' dir='ltr'>Lipsius</span> <span class='ocrx_word' id='word_1_296' title='bbox 464 3943 655 4008; x_wconf 86' lang='lat' dir='ltr'>scribendum</span> <span class='ocrx_word' id='word_1_297' title='bbox 671 3942 816 4007; x_wconf 87' lang='lat' dir='ltr'>iudicauit</span> <span class='ocrx_word' id='word_1_298' title='bbox 832 3950 980 4026; x_wconf 85' lang='lat' dir='ltr'>‘quosque</span> <span class='ocrx_word' id='word_1_299' title='bbox 995 3942 1129 4005; x_wconf 86' lang='lat' dir='ltr'>idoneos&#39;</span> <span class='ocrx_word' id='word_1_300' title='bbox 1147 3950 1219 4003; x_wconf 84' lang='lat' dir='ltr'>cett.</span> 
     </span>
     <span class='ocr_line' id='line_1_34' title="bbox 97 4042 1222 4131; baseline -0.01 -18"><span class='ocrx_word' id='word_1_301' title='bbox 97 4048 170 4115; x_wconf 83' lang='lat' dir='ltr'>Nam</span> <span class='ocrx_word' id='word_1_302' title='bbox 192 4050 254 4115; x_wconf 89' lang='lat' dir='ltr'>etsi</span> <span class='ocrx_word' id='word_1_303' title='bbox 279 4050 396 4131; x_wconf 86' lang='lat' dir='ltr'>equites</span> <span class='ocrx_word' id='word_1_304' title='bbox 411 4067 530 4131; x_wconf 89' lang='lat' dir='ltr'>quoque</span> <span class='ocrx_word' id='word_1_305' title='bbox 545 4046 621 4109; x_wconf 90' lang='lat' dir='ltr'>leuis</span> <span class='ocrx_word' id='word_1_306' title='bbox 637 4056 806 4109; x_wconf 89' lang='lat' dir='ltr'>armaturae</span> <span class='ocrx_word' id='word_1_307' title='bbox 821 4056 930 4118; x_wconf 88' lang='lat' dir='ltr'>erant,</span> <span class='ocrx_word' id='word_1_308' title='bbox 947 4055 1048 4108; x_wconf 84' lang='lat' dir='ltr'>tamen</span> <span class='ocrx_word' id='word_1_309' title='bbox 1062 4042 1222 4106; x_wconf 85' lang='lat' dir='ltr'>dicendum</span> 
     </span>
     <span class='ocr_line' id='line_1_35' title="bbox 99 4140 1224 4234; baseline -0.013 -16"><span class='ocrx_word' id='word_1_310' title='bbox 99 4166 156 4217; x_wconf 85' lang='lat' dir='ltr'>cru</span> <span class='ocrx_word' id='word_1_311' title='bbox 171 4162 216 4218; x_wconf 84' lang='lat' dir='ltr'>‘ct</span> <span class='ocrx_word' id='word_1_312' title='bbox 231 4152 367 4234; x_wconf 82' lang='lat' dir='ltr'>equitum</span> <span class='ocrx_word' id='word_1_313' title='bbox 383 4149 460 4213; x_wconf 90' lang='lat' dir='ltr'>leuis</span> <span class='ocrx_word' id='word_1_314' title='bbox 475 4160 645 4212; x_wconf 87' lang='lat' dir='ltr'>armaturae</span> <span class='ocrx_word' id='word_1_315' title='bbox 661 4148 797 4225; x_wconf 88' lang='lat' dir='ltr'>electos&#39;,</span> <span class='ocrx_word' id='word_1_316' title='bbox 815 4158 845 4210; x_wconf 87' lang='lat' dir='ltr'>ct</span> <span class='ocrx_word' id='word_1_317' title='bbox 861 4146 1035 4209; x_wconf 86' lang='lat' dir='ltr'>incredibile</span> <span class='ocrx_word' id='word_1_318' title='bbox 1050 4154 1098 4207; x_wconf 91' lang='lat' dir='ltr'>est</span> <span class='ocrx_word' id='word_1_319' title='bbox 1108 4140 1224 4206; x_wconf 82' lang='lat' dir='ltr'>Cacsa-</span> 
     </span>
     <span class='ocr_line' id='line_1_36' title="bbox 101 4245 1225 4340; baseline -0.01 -24"><span class='ocrx_word' id='word_1_320' title='bbox 101 4272 154 4319; x_wconf 85' lang='lat' dir='ltr'>rem</span> <span class='ocrx_word' id='word_1_321' title='bbox 172 4256 327 4340; x_wconf 89' lang='lat' dir='ltr'>peditibus</span> <span class='ocrx_word' id='word_1_322' title='bbox 349 4254 415 4317; x_wconf 85' lang='lat' dir='ltr'>eins</span> <span class='ocrx_word' id='word_1_323' title='bbox 437 4251 559 4335; x_wconf 69' lang='lat' dir='ltr'>generis</span> <span class='ocrx_word' id='word_1_324' title='bbox 581 4270 665 4313; x_wconf 90' lang='lat' dir='ltr'>usum</span> <span class='ocrx_word' id='word_1_325' title='bbox 689 4270 750 4312; x_wconf 89' lang='lat' dir='ltr'>non</span> <span class='ocrx_word' id='word_1_326' title='bbox 772 4270 853 4326; x_wconf 88' lang='lat' dir='ltr'>esse,</span> <span class='ocrx_word' id='word_1_327' title='bbox 876 4248 927 4331; x_wconf 90' lang='lat' dir='ltr'>qni</span> <span class='ocrx_word' id='word_1_328' title='bbox 949 4248 1043 4311; x_wconf 90' lang='lat' dir='ltr'>multo</span> <span class='ocrx_word' id='word_1_329' title='bbox 1059 4245 1178 4309; x_wconf 81' lang='lat' dir='ltr'>facilins</span> <span class='ocrx_word' id='word_1_330' title='bbox 1193 4254 1225 4306; x_wconf 92' lang='lat' dir='ltr'>et</span> 
     </span>
     <span class='ocr_line' id='line_1_37' title="bbox 104 4348 1226 4445; baseline -0.017 -20"><span class='ocrx_word' id='word_1_331' title='bbox 104 4356 203 4441; x_wconf 69' lang='lat' dir='ltr'>ispum</span> <span class='ocrx_word' id='word_1_332' title='bbox 223 4361 257 4423; x_wconf 95' lang='lat' dir='ltr'>in</span> <span class='ocrx_word' id='word_1_333' title='bbox 279 4360 409 4445; x_wconf 84' lang='lat' dir='ltr'>scaphas</span> <span class='ocrx_word' id='word_1_334' title='bbox 431 4369 463 4423; x_wconf 89' lang='lat' dir='ltr'>et</span> <span class='ocrx_word' id='word_1_335' title='bbox 483 4357 553 4420; x_wconf 92' lang='lat' dir='ltr'>inde</span> <span class='ocrx_word' id='word_1_336' title='bbox 575 4372 709 4438; x_wconf 88' lang='lat' dir='ltr'>pugnare</span> <span class='ocrx_word' id='word_1_337' title='bbox 731 4362 866 4435; x_wconf 87' lang='lat' dir='ltr'>possent.</span> <span class='ocrx_word' id='word_1_338' title='bbox 896 4348 1013 4413; x_wconf 84' lang='lat' dir='ltr'>lleinde</span> <span class='ocrx_word' id='word_1_339' title='bbox 1028 4349 1161 4431; x_wconf 89' lang='lat' dir='ltr'>ineptum</span> <span class='ocrx_word' id='word_1_340' title='bbox 1178 4355 1226 4408; x_wconf 88' lang='lat' dir='ltr'>cst</span> 
     </span>
     <span class='ocr_line' id='line_1_38' title="bbox 106 4446 1226 4541; baseline -0.017 -16"><span class='ocrx_word' id='word_1_341' title='bbox 106 4462 273 4528; x_wconf 80' lang='lat' dir='ltr'>turabulum</span> <span class='ocrx_word' id='word_1_342' title='bbox 290 4463 401 4526; x_wconf 73' lang='lat' dir='ltr'>‘indc&#39;c</span> <span class='ocrx_word' id='word_1_343' title='bbox 419 4481 488 4524; x_wconf 87' lang='lat' dir='ltr'>nam</span> <span class='ocrx_word' id='word_1_344' title='bbox 505 4478 601 4541; x_wconf 86' lang='lat' dir='ltr'>neque</span> <span class='ocrx_word' id='word_1_345' title='bbox 616 4478 658 4521; x_wconf 80' lang='lat' dir='ltr'>ex</span> <span class='ocrx_word' id='word_1_346' title='bbox 670 4454 775 4518; x_wconf 83' lang='lat' dir='ltr'>eodem</span> <span class='ocrx_word' id='word_1_347' title='bbox 786 4454 853 4517; x_wconf 90' lang='lat' dir='ltr'>loco</span> <span class='ocrx_word' id='word_1_348' title='bbox 869 4472 906 4516; x_wconf 91' lang='lat' dir='ltr'>ea</span> <span class='ocrx_word' id='word_1_349' title='bbox 919 4450 1042 4527; x_wconf 79' lang='lat' dir='ltr'>fiebant,</span> <span class='ocrx_word' id='word_1_350' title='bbox 1060 4468 1138 4531; x_wconf 84' lang='lat' dir='ltr'>qnae</span> <span class='ocrx_word' id='word_1_351' title='bbox 1154 4446 1226 4507; x_wconf 92' lang='lat' dir='ltr'>snb-</span> 
     </span>
    </p>
   </div>
   <div class='ocr_carea' id='block_1_3' title="bbox 107 4546 1228 4744">
    <p class='ocr_par' dir='ltr' id='par_1_4' title="bbox 107 4546 1228 4744">
     <span class='ocr_line' id='line_1_39' title="bbox 107 4546 1228 4649; baseline -0.02 -22"><span class='ocrx_word' id='word_1_352' title='bbox 107 4558 174 4628; x_wconf 71' lang='lat' dir='ltr'>iou</span> <span class='ocrx_word' id='word_1_353' title='bbox 190 4579 282 4643; x_wconf 88' lang='lat' dir='ltr'>sunt,</span> <span class='ocrx_word' id='word_1_354' title='bbox 299 4586 397 4647; x_wconf 83' lang='lat' dir='ltr'>neque</span> <span class='ocrx_word' id='word_1_355' title='bbox 420 4562 589 4649; x_wconf 86' lang='lat' dir='ltr'>posteriore</span> <span class='ocrx_word' id='word_1_356' title='bbox 602 4550 751 4644; x_wconf 83' lang='lat' dir='ltr'>tempore.</span> <span class='ocrx_word' id='word_1_357' title='bbox 776 4552 928 4637; x_wconf 85' lang='lat' dir='ltr'>Scriptum</span> <span class='ocrx_word' id='word_1_358' title='bbox 944 4563 991 4616; x_wconf 89' lang='lat' dir='ltr'>est</span> <span class='ocrx_word' id='word_1_359' title='bbox 1006 4552 1048 4614; x_wconf 90' lang='lat' dir='ltr'>ita</span> <span class='ocrx_word' id='word_1_360' title='bbox 1063 4552 1094 4612; x_wconf 91' lang='lat' dir='ltr'>in</span> <span class='ocrx_word' id='word_1_361' title='bbox 1110 4546 1228 4609; x_wconf 86' lang='lat' dir='ltr'>duobus</span> 
     </span>
     <span class='ocr_line' id='line_1_40' title="bbox 110 4644 1228 4744; baseline -0.022 -12"><span class='ocrx_word' id='word_1_362' title='bbox 110 4662 296 4733; x_wconf 78' lang='lat' dir='ltr'>deterioribus</span> <span class='ocrx_word' id='word_1_363' title='bbox 319 4667 428 4744; x_wconf 78' lang='lat' dir='ltr'>codd,</span> <span class='ocrx_word' id='word_1_364' title='bbox 451 4666 484 4729; x_wconf 91' lang='lat' dir='ltr'>in</span> <span class='ocrx_word' id='word_1_365' title='bbox 505 4664 574 4729; x_wconf 85' lang='lat' dir='ltr'>aliis</span> <span class='ocrx_word' id='word_1_366' title='bbox 595 4659 798 4727; x_wconf 89' lang='lat' dir='ltr'>deterioribus</span> <span class='ocrx_word' id='word_1_367' title='bbox 821 4656 933 4739; x_wconf 89' lang='lat' dir='ltr'>legitur</span> <span class='ocrx_word' id='word_1_368' title='bbox 956 4652 1082 4735; x_wconf 82' lang='lat' dir='ltr'>‘inque&#39;,</span> <span class='ocrx_word' id='word_1_369' title='bbox 1107 4649 1138 4709; x_wconf 92' lang='lat' dir='ltr'>iu</span> <span class='ocrx_word' id='word_1_370' title='bbox 1155 4644 1228 4709; x_wconf 91' lang='lat' dir='ltr'>Par.</span> 
     </span>
    </p>
   </div>
   <div class='ocr_carea' id='block_1_4' title="bbox 0 0 1337 5124">
    <p class='ocr_par' dir='ltr' id='par_1_5' title="bbox 0 0 1337 5124">
     <span class='ocr_line' id='line_1_41' title="bbox 0 0 1337 5124; baseline 0 0"><span class='ocrx_word' id='word_1_371' title='bbox 0 0 1337 5124; x_wconf 95' lang='lat' dir='ltr'> </span> 
     </span>
    </p>
   </div>
  </div>
 </body>
</html>
