2646 5124
428 617 570 687 CObibl.
588 618 634 689 ΙΙΙ
650 617 745 687 Cdl'.
761 618 917 687 sat-87.
1229 625 1295 697 tm

113 796 189 861 banc
210 791 269 857 sibi
291 791 561 857 commodissimam
582 792 651 857 belli
673 793 822 858 rationem
837 793 998 869 iudicauit,
1022 795 1065 858 uti
1082 806 1181 861 eastra
1196 818 1236 863 ex

114 920 151 965 eo
165 898 231 963 loco
245 907 385 963 moueret
398 915 575 980 semperque
590 904 674 960 esset
687 896 718 960 in
734 896 911 975 itineribus,
934 897 1008 961 baec
1022 908 1180 983 spectans,
1203 911 1236 964 ιιι

111 999 268 1069 mouendis
278 998 391 1064 nstris
401 999 591 1082 pluribusque
603 997 747 1062 adeundis
759 998 835 1061 locis
847 1000 1047 1064 commodiore
1059 1022 1093 1065 re
1103 1003 1235 1067 frumen·

114 1105 191 1169 teria
205 1113 354 1180 uteretur,
364 1101 513 1183 simulque
528 1101 560 1165 io
570 1101 681 1166 itinere
692 1110 725 1164 ιιι
737 1100 865 1184 aliquam
877 1101 1065 1167 occasionem
1077 1104 1236 1170 dimicandi

77 1220 92 1271 ι
117 1206 345 1273 nancisceretur
358 1214 392 1267 ct
404 1203 557 1268 insolitum
573 1205 609 1267 ed
626 1203 756 1269 laborem
767 1202 890 1289 Pompei
900 1206 1067 1270 exereitum
1079 1206 1236 1273 cotidianis

113 1307 270 1374 itineribus
286 1307 478 1391 defatigaret.
502 1302 561 1369 His
576 1306 748 1390 constitutis
764 1307 855 1372 rebus
870 1307 957 1390 signo
969 1307 1029 1373 iam
1042 1310 1235 1393 protectionis
1251 1306 1271 1373 3

116 1414 186 1477 dato
207 1409 468 1493 tabernaculisque
491 1407 625 1471 detensis
640 1409 879 1473 animaduersum
895 1419 943 1474 est
957 1410 1044 1494 paulo
1060 1422 1131 1476 ante
1146 1422 1235 1477 extra

115 1515 297 1579 cotidianam
311 1510 557 1577 consuetudinem
574 1511 692 1595 longius
708 1533 727 1576 a
742 1512 821 1577 uallo
837 1533 903 1576 esse
919 1513 1015 1577 aciem
1029 1511 1154 1599 Pompei
1169 1538 1237 1599 pro·

114 1638 264 1700 grossam,
280 1626 316 1680 nt
329 1636 390 1681 non
403 1614 507 1698 iniquo
522 1615 590 1679 loco
605 1634 694 1697 posse
709 1614 843 1678 dimicari
858 1615 1023 1679 uideretur.
1055 1615 1142 1681 Tune
1157 1614 1235 1683 Cae·
1250 1617 1272 1681 4

67 1729 92 1784 tt
115 1740 170 1784 sar
185 1720 259 1803 apud
274 1739 360 1795 suos,
378 1739 445 1781 cum
460 1717 519 1781 iam
536 1727 619 1780 esset
632 1737 739 1798 agmen
755 1716 786 1780 in
802 1717 909 1801 portis,
930 1714 1148 1783 ‘Differendum
1164 1719 1234 1797 est'‚

115 1821 231 1906 inquit,
257 1821 330 1887 ‘iter
342 1821 375 1886 in
397 1819 568 1905 praesentia
592 1818 679 1883 nobis
700 1830 731 1883 et
752 1819 788 1883 de
803 1820 918 1903 proelio
932 1821 1141 1906 cogitandum,
1159 1823 1237 1887 sicut

116 1944 235 2009 semper
255 1923 493 2008 depoposcimus.
524 1920 635 1985 Animo
656 1921 749 1987 simus
769 1921 807 1987 ad
822 1923 1020 1989 dimicandum
1036 1926 1150 2008 paratis
1175 1946 1236 1988 non

118 2026 203 2091 facile
224 2026 417 2093 occasionem
438 2035 543 2113 posteo
564 2024 758 2108 reperiemus’
774 2026 992 2109 confestimque
1012 2028 1169 2112 expedites
1184 2048 1236 2091 co·

116 2130 181 2214 pina
201 2129 313 2194 educit.
343 2125 506 2211 Pompeius
528 2147 664 2211 quoque,
690 2137 723 2191 ut
745 2138 850 2212 postea
865 2131 1017 2213 cognitum
1033 2139 1097 2209 est,
1114 2150 1237 2195 suorum
1246 2127 1293 2199 8⁶

67 2244 94 2295 ts
116 2233 248 2298 omniun
276 2232 399 2296 hortatu
420 2239 569 2295 statuerat
589 2230 703 2315 proelio
727 2230 894 2295 decertare.
932 2229 1071 2314 Namque
1094 2233 1182 2297 etiam
1206 2234 1238 2297 in

116 2334 245 2399 consilio
260 2332 463 2416 superioribus
477 2333 583 2398 diebus
593 2333 723 2411 dixerat,
735 2332 907 2415 priusquam
916 2336 1235 2414 concurrerentacies,

118 2436 199 2516 iore,
215 2437 262 2501 nti
276 2437 429 2501 exercitos
438 2431 580 2501 Caesaris
597 2436 772 2518 pelleretur.
787 2431 822 2498 ld
838 2456 904 2498 eum
921 2446 1025 2499 essent
1039 2434 1172 2518 plerique
1186 2436 1274 2502 adt

117 2539 238 2617 mirati,
258 2533 343 2603 ‘Scio
357 2538 427 2617 me',
443 2537 560 2621 inquit,
585 2549 692 2622 ‘paene
708 2537 913 2603 incredibilem
929 2557 992 2602 rem
1009 2537 1161 2621 polliceri3
1185 2538 1238 2603 sed

116 2642 264 2707 rationem
279 2639 400 2705 consilii
410 2642 469 2707 mei
479 2640 618 2725 accipite,
628 2662 688 2724 quo
700 2641 831 2706 firmiore
843 2641 983 2705 animuin
995 2640 1139 2725 proelium
1150 2641 1239 2727 prod·

67 2754 93 2809 ιιι
116 2744 207 2809 eutis.
237 2740 382 2810 Persuasi
403 2743 553 2828 equitibus
576 2743 689 2808 nostris
704 2744 813 2827 (idque
832 2744 904 2809 mibi
927 2745 1058 2809 facturos
1080 2744 1272 2810 confirma-3

117 2850 264 2929 uerunt),
279 2856 333 2926 ut,
357 2868 423 2911 enm
446 2847 568 2932 propius
583 2846 624 2912 sit
638 2867 814 2926 aceessum,
832 2848 970 2913 deutrum
985 2844 1129 2913 Caesaris
1144 2870 1239 2913 cornu

118 2948 156 3013 ab
181 2950 393 3035 latere'aperto
407 2950 645 3036 adgrederentur
660 2961 691 3015 et
706 2951 909 3015 circumuenta
924 2952 961 3016 ab
977 2964 1061 3037 tergo
1076 2953 1139 3017 acie
1156 2952 1238 3036 prius

116 3051 322 3137 perturbatum
346 3053 514 3119 exercitum
535 3054 700 3136 pellerent,
725 3075 813 3137 quam
833 3056 953 3122 anobis
968 3057 1060 3121 telum
1076 3057 1108 3121 in
1123 3056 1239 3121 bostem

116 3154 282 3220 iaceretur.
305 3153 352 3221 lta
367 3156 433 3221 sine
449 3155 581 3241 periculo
596 3156 745 3241 legionum
762 3168 793 3220 et
807 3178 902 3242 paene
915 3161 982 3222 sine
994 3159 1118 3222 uulnere
1129 3157 1238 3225 bellum
1254 3158 1276 3221 4

67 3268 93 3321 ts
115 3258 319 3323 conficiemus.
343 3255 378 3322 ld
394 3268 493 3323 autern
508 3257 626 3323 difficile
641 3281 701 3324 non
718 3271 775 3333 est,
786 3281 854 3323 eum
866 3272 980 3324 tantum
993 3258 1126 3341 equitatu
1138 3261 1239 3322 ualea-

117 3359 206 3425 ιη’.
234 3356 333 3427 Simul
354 3362 560 3442 denuntiauit,
578 3374 612 3427 ut
633 3372 735 3427 essent
753 3363 853 3426 animo
869 3362 967 3446 parati
981 3362 1012 3424 in
1028 3370 1179 3444 posterum
1196 3371 1239 3439 et,
1256 3362 1276 3424 5

118 3463 259 3546 quoniam
272 3465 359 3529 tieret
374 3464 533 3531 dimicandi
548 3477 698 3551 potestas,
724 3476 756 3528 ot
771 3486 862 3548 saepe
877 3463 1114 3547 cogitauissent‚
1132 3483 1170 3526 ne
1186 3483 1241 3527 usu

117 3584 268 3649 manuque
283 3567 464 3651 reliquorum
481 3569 650 3652 opinionem
667 3568 816 3632 fallerent.
850 3566 936 3631 lione
952 3564 1103 3630 Labienus
1119 3565 1240 3650 excepit
1250 3564 1296 3635 87

228 3784 324 3839 2baee
336 3802 353 3837 o
362 3787 386 3849 b,
401 3787 450 3837 boc
463 3802 491 3838 ιι.
614 3796 734 3855 spectans
747 3787 912 3854 Stephanus,
926 3800 1032 3852 sperans
1045 3783 1122 3836 codd.
1135 3784 1166 3835 P.
1182 3785 1241 3838 185.

230 3864 246 3915 3
260 3865 433 3916 commodiore
446 3882 474 3916 re
488 3865 658 3918 frumentaria
672 3884 721 3933 ego
729 3886 738 3930 ,·
752 3867 894 3917 commedio
908 3882 935 3915 re
951 3864 1121 3915 frumentarie
1134 3879 1161 3926 o,
1176 3880 1243 3914 oom-

119 3940 195 3992 nodo
206 3941 247 3991 rei
260 3940 449 3992 frumentariae
463 3944 496 4006 b,·
510 3947 682 3996 commodiore
697 3945 867 3996 frumentario
883 3961 909 3994 ro
923 3960 950 3994 ιι.
1072 3944 1089 3993 4
1103 3942 1244 3992 dimicandi

119 4019 217 4071 om.b.
323 4018 495 4086 bPompeio.
600 4021 793 4087 blatigaretb.
909 4021 1050 4072 'lanimem
1064 4020 1202 4069 aduersum
1216 4034 1243 4069 a.

874 4109 1086 4160 consuetudinem

230 4174 670 4228 aute—consuetudinemom.b.
759 4115 1047 4248 extraieoeditioncm
1102 4175 1244 4239 longiora.

229 4250 246 4301 8
259 4248 362 4317 Pompei
375 4267 401 4302 u.
508 4252 537 4304 ll
554 4252 641 4317 inquid
655 4269 681 4304 a.
794 4255 862 4305 sicut
876 4270 980 4321 semper
992 4253 1087 4316 Aldus,
1103 4253 1126 4303 ei
1138 4259 1168 4302 nt
1179 4267 1247 4302 sam·

119 4340 171 4393 per
181 4327 254 4377 abe.
360 4328 392 4382 tt
405 4328 486 4379 simus
499 4328 530 4377 tt
546 4327 700 4391 Manutius,
716 4342 805 4378 sumus
817 4331 889 4380 obe.
995 4329 1246 4396 idrepperiemuso.

232 4406 263 4459 ld
277 4406 419 4473 cognitum]
432 4414 591 4473 compertum
606 4408 631 4457 b.
737 4406 768 4456 15
783 4406 872 4474 etiam]
886 4415 972 4459 autem
982 4409 1006 4459 b.
1113 4406 1246 4459 lbdiebna

119 4497 175 4534 om·
190 4497 218 4534 a·
326 4485 359 4538 17
373 4486 518 4552 pelleretur
529 4501 582 4537 om.
596 4486 647 4547 ab,
663 4493 857 4552 expugnaretur
868 4504 891 4537 e.
999 4488 1031 4538 te
1044 4486 1132 4553 inquid
1146 4499 1245 4551 panea.

233 4562 265 4616 to
278 4564 304 4613 in
318 4579 371 4615 om.
386 4565 437 4617 ob.
576 4564 611 4618 2⁰
624 4561 699 4627 mibi]
715 4563 777 4613 inibi
790 4565 839 4614 ab.
967 4564 1082 4615 tacturos
1095 4563 1136 4613 ab
1148 4564 1164 4613 3
1177 4561 1245 4610 dett.

123 4639 213 4704 ‘ctist
228 4655 258 4692 se
272 4639 390 4693 iactares
403 4656 431 4692 ιι.
551 4641 585 4696 22
597 4640 806 4706 adgrederentur
817 4657 844 4693 a.
964 4649 991 4692 et
1004 4641 1054 4705 ab,
1069 4647 1098 4690 nt
1110 4652 1138 4688 ιι.

118 4719 156 4776 24
165 4733 268 4786 perrea.
372 4718 473 4786 27ιιρι
482 4734 510 4786 ιι,
524 4733 624 4785 semper
633 4719 657 4769 b.
765 4719 960 4782 28manuobq
975 4731 1095 4768 manuum
1104 4713 1132 4765 d.
1144 4713 1175 4764 Ρ.
1187 4712 1246 4766 184.

137 4816 399 4881 Gaeaamedlltpperd.
1034 4798 1076 4863 39
