2646 5124
520 122 603 130 -—
649 86 712 147 ⁸205»
758 124 841 133 —--

95 266 143 320 tur
158 278 218 319 nec
236 256 408 317 comminus
425 254 460 316 ad
477 276 582 318 manus
599 258 760 323 rediretur,
773 257 974 344 (laesorisquc
990 267 1105 347 equites
1123 270 1238 334 inimu-

91 368 120 424 ta
137 381 180 423 ex
194 358 450 433 nausearccenti,
468 359 530 435 siti,
550 360 706 442 languore,
724 363 883 443 paucitate,
903 367 1076 430 uulneribus
1089 370 1236 457 delbtign-

89 464 169 526 laad
187 462 416 547 insequendum
430 461 993 546 bostempcrseuernndumqnecursum
1003 470 1133 535 tardiora
1144 474 1235 539 babe-

86 576 179 643 rent,
204 565 332 647 dicique
353 584 423 647 pars
440 562 552 645 exigua
567 564 625 625 inm
642 564 754 647 reliqna
771 578 871 645 esset,
897 570 1069 635 cohortibus
1084 575 1233 657 equitibus

86 668 293 733 circumdatis
309 664 505 742 cohortatur,
532 674 562 727 ut
585 687 644 729 uno
667 668 728 729 ictu
750 672 967 733 contenderent
988 692 1084 756 neque
1099 680 1233 743 remitte·

87 781 180 849 rent,
207 771 310 833 donec
335 769 413 832 ultra
437 768 555 831 ultimos
578 770 672 832 eolles
696 770 798 832 bostes
826 775 1008 855 repulissent
1023 788 1113 858 atque
1129 800 1231 843 corum

87 870 196 939 esent
219 872 313 955 potiti
323 871 343 933 '.
390 868 425 933 ln
449 870 536 933 codd.
561 873 704 955 scriptum
730 885 776 936 est
808 878 1003 940 ‘cohortibus
1027 881 1233 965 equitibusque

88 976 322 1041 circumdatis’.
363 972 409 1037 Ea
433 974 524 1038 uerba
547 974 577 1035 in
595 974 670 1036 bone
686 986 800 1037 tanturm
817 980 997 1041 sententium
1014 981 1148 1065 intellegi
1165 1006 1233 1066 pos·

89 1090 180 1157 aunt,
212 1090 248 1141 ut
271 1074 392 1141 Cacsar
413 1076 471 1140 sibi
495 1077 634 1141 cobortes
656 1079 831 1160 equitesque
854 1082 971 1144 dicatur
986 1083 1230 1163 circumdedisse,

89 1184 168 1267 quod
185 1182 325 1265 ineptum
341 1191 400 1243 est.
433 1176 518 1260 Quae
541 1190 629 1242 antea
645 1181 682 1242 dc
698 1181 910 1263 defatigatione
927 1187 1057 1267 equitum
1074 1188 1229 1269 leguntur,

89 1285 206 1369 aliquid
222 1305 242 1346 a
256 1279 393 1347 Caesare
410 1283 519 1344 lactum
536 1301 605 1345 csse
620 1281 847 1359 demonstrant,
872 1307 931 1368 quo
954 1286 1021 1349 buic
1041 1289 1228 1354 incommodo

92 1388 279 1453 mederetur.
301 1382 400 1449 Recte
417 1383 508 1467 igitur
522 1384 552 1448 io
568 1385 616 1449 ed.
633 1382 814 1462 Basileensi,
833 1410 889 1469 qun
906 1410 978 1453 usus
994 1401 1041 1453 est
1057 1389 1225 1470 llaebnius,

92 1490 208 1575 legitur
225 1487 413 1552 ‘cohortibus
429 1487 576 1568 equitibus
591 1488 812 1551 circumdetis'.
844 1488 922 1553 Nem
948 1514 1013 1554 cum
1038 1495 1153 1576 equites
1178 1518 1227 1559 es·

92 1604 162 1655 sent
176 1592 216 1655 ad
231 1612 362 1675 pugnam
381 1590 520 1665 inutiles,
545 1590 582 1652 iis
599 1587 717 1654 Cacsar
739 1592 878 1657 cobortes
901 1595 1114 1675 circumdedit,
1140 1610 1170 1661 ut
1195 1610 1227 1662 et

91 1694 152 1777 ipsi
168 1694 394 1777 requiescerent
409 1704 441 1755 et
455 1692 492 1755 ab
508 1692 636 1755 bostium
653 1694 764 1777 impetu
779 1695 1023 1758 defenderentur.

187 1792 334 1879 Sequitur
353 1818 380 1859 c.
397 1794 457 1871 tt),
482 1796 559 1877 quod
582 1806 675 1857 totum
697 1806 744 1859 est
766 1798 1065 1879 perturbatissimum.
1103 1798 1225 1866 lnitium

94 1898 142 1961 ita
158 1898 321 1961 constitui:
345 1895 482 1961 ‘Interim
506 1917 542 1960 ea
564 1918 598 1960 re
622 1908 707 1981 gesta
724 1910 754 1962 et
769 1899 884 1982 proelio
901 1901 1046 1984 dirempto
1062 1924 1101 1964 ex
1119 1903 1226 1967 nduer-

94 2000 187 2065 sariis
201 2002 361 2085 perfugere
377 2001 477 2085 plures
493 2000 629 2063 exomni
645 2021 757 2084 genere
774 2002 937 2076 bominum,
955 2015 983 2066 et
1008 2016 1164 2087 praetcrea
1180 2008 1226 2070 in-

96 2104 222 2188 tercepti
240 2104 413 2188 [bostium]
430 2104 596 2185 complures
611 2105 727 2185 equites
743 2106 935 2187 peditesque’.
971 2104 1170 2191 ‘Pcrlngae’,
1195 2119 1228 2171 ot

96 2206 213 2285 editur,
235 2206 377 2291 intercipi
401 2226 461 2268 uon
484 2216 639 2289 poterant,
665 2206 724 2269 nisi
749 2208 798 2289 qui
822 2206 992 2271 oCetcsorc
1010 2211 1222 2293 perfugissent,

96 2310 173 2393 quod
188 2310 236 2373 bie
250 2310 385 2394 ineptum
400 2320 459 2371 est.
490 2306 585 2371 Recte
601 2304 717 2371 Gudius
740 2311 888 2389 coniecit,
913 2313 990 2394 qnod
1006 2314 1103 2395 posui.
1138 2313 1224 2377 ‘llo-

96 2412 193 2477 stiam’
207 2424 333 2493 autem,
349 2414 427 2497 quod
443 2413 556 2477 rectius
571 2411 678 2475 abesse
694 2409 908 2497 Oudendorpin
924 2414 1096 2495 uidebatur,
1121 2418 1221 2481 delen·

96 2516 158 2579 dum
174 2528 223 2581 est
239 2516 429 2580 necessario.
474 2512 583 2599 Neque
599 2514 677 2578 enim
693 2517 744 2578 alii
761 2538 847 2598 quam
865 2518 991 2581 bostium
1009 2522 1124 2603 equites
1141 2522 1222 2605 pedi-

95 2628 192 2703 tesque
209 2620 355 2703 intercipi
371 2627 526 2701 poterant,
552 2630 583 2680 et
603 2618 674 2680 illud
699 2619 876 2681 uocubulum
898 2642 962 2681 eam
979 2624 1159 2686 sententium
1179 2627 1223 2685 in-

96 2722 193 2800 iceret,
213 2722 305 2809 quasi
321 2722 355 2799 ii,
372 2723 421 2805 qui
438 2722 657 2805 perfugissent,
683 2720 783 2782 bostes
800 2742 858 2783 non
877 2724 1014 2785 luissent.
1060 2724 1225 2805 Sequentia

94 2822 122 2887 itt
135 2826 226 2889 codd.
246 2834 332 2888 recte
347 2823 388 2886 ita
404 2824 513 2907 scriptu
528 2834 615 2885 stunt:
636 2820 699 2884 ‘Ex
713 2824 821 2904 quibus
838 2824 987 2905 cognitum
1004 2836 1048 2887 est
1066 2826 1225 2887 consiliunt

95 2926 237 3003 bostium,
254 2948 308 2991 eos
325 2927 380 2990 bac
396 2938 495 2989 mente
510 2936 539 2988 et
555 2936 663 2989 conatu
680 2926 812 3003 uenisse,
832 2926 873 2987 uti
892 2947 971 2988 nouo
984 2928 1224 3010 ntqneinusitnto

95 3050 206 3112 genere
243 3029 349 3113 proelii
376 3030 490 3091 tirones
519 3028 674 3110 legionarii
712 3029 855 3112 palmique
886 3030 1049 3113 perturbati
1079 3026 1223 3094 Currionis

96 3132 234 3217 exemplo
256 3132 296 3195 ab
311 3132 444 3215 equitatu
461 3131 657 3193 circumuenti
673 3130 935 3214 opprimerentur'.
971 3130 1079 3195 Editur
1095 3132 1222 3197 ‘tirones

95 3232 309 3317 lupanar-itque
324 3235 433 3318 puuci',
451 3234 537 3317 quasi
551 3232 667 3295 tirones
683 3255 744 3296 nou
761 3236 888 3297 luissent
903 3236 1070 3320 legionarii.
1097 3234 1162 3297 lloe
1179 3235 1222 3298 di·

96 3336 292 3423 titacriptor,
309 3336 412 3399 bostcs
427 3335 608 3421 legionarios
624 3336 840 3399 circumuenire.
859 3336 1008 3414 uoluisse,
1034 3340 1084 3420 qui
1105 3349 1133 3397 et
1152 3338 1222 3398 tiro·
1257 3352 1261 3357 ·

98 3458 143 3503 nes
156 3449 267 3504 essent
290 3448 322 3502 et
342 3436 438 3520 pauci.
478 3436 645 3521 Excipiunt
667 3438 758 3501 baec:
787 3447 838 3501 ‘et
859 3440 900 3501 ita
916 3436 1082 3503 Labienum
1105 3440 1222 3501 dixisse

98 3560 142 3622 pto
162 3544 333 3613 contione,
365 3550 476 3602 tautam
501 3560 569 3603 sese
590 3540 805 3603 multitudinem
828 3542 1007 3605 attsiliorum
1038 3542 1223 3605 aduersariis

100 3642 409 3718 subministraturum,
436 3654 468 3705 ut
490 3644 580 3705 etiam
604 3643 754 3705 coedendo
776 3644 804 3705 in
829 3643 893 3726 ipsa
918 3645 1043 3707 uictoria
1069 3644 1224 3727 delatigati

102 3744 289 3809 uincerentur
304 3755 393 3827 atque
407 3767 426 3808 a
442 3746 503 3807 suis
519 3744 763 3827 superarentnr'.
810 3742 870 3808 Pro
887 3744 1022 3810 Labieno
1038 3748 1068 3809 in
1085 3746 1223 3809 omnibus

104 3848 179 3910 codd.
210 3844 286 3912 luba
302 3847 426 3929 legitur,
443 3868 530 3930 quern
548 3858 607 3909 tum
625 3867 685 3909 non
701 3846 823 3909 alluisse
838 3868 879 3909 ex
894 3870 922 3909 c.
940 3848 982 3911 ‘25
998 3860 1128 3913 constat.
1160 3846 1223 3910 La-

105 3944 172 4012 bieni
184 3960 288 4013 autem
301 3950 379 4014 banc
394 3951 560 4013 orationem
577 3952 670 4014 luisse
686 3952 805 4027 docent,
823 3972 899 4033 quac
909 3953 938 4035 §.
949 3952 970 4014 li
982 3954 1135 4035 leguntur:
1156 3952 1223 4013 ‘hoo

106 4068 149 4131 tpe
162 4062 249 4135 atque
265 4054 393 4117 audacia
408 4052 609 4115 inflammatus
623 4049 786 4115 Labienus'
803 4064 875 4117 cett.
900 4052 990 4117 lubae
1005 4073 1116 4115 nomen
1132 4052 1223 4111 ctinrn

107 4170 129 4210 t·
142 4148 194 4233 30,
210 4154 233 4217 2
246 4154 348 4239 inepte
363 4155 395 4218 in
411 4154 548 4218 omuibus
564 4154 649 4217 codd.
665 4154 811 4218 adiectum
828 4166 887 4218 est.
920 4152 979 4217 llic
994 4151 1149 4215 Labienus
1165 4151 1226 4234 pri·
