2646 5124
502 576 804 643 —89-

39 780 46 799 ·
110 750 175 827 tum',
196 770 314 834 neque,
338 749 411 832 quin
427 768 454 811 c.
472 746 514 811 12
528 749 606 812 idem
622 750 759 834 oppidum
774 752 1005 838 significaretur,
1023 759 1160 824 dubitare
1174 771 1216 825 si.

39 882 42 895 ·
107 865 193 919 nerent
206 864 349 917 extrema
363 850 457 914 uerba
473 851 637 934 superioris
652 855 760 937 capitis
784 858 964 921 ‘exercitum
987 857 1128 946 Ligerem
1153 874 1216 928 tra·

39 984 41 991 ·
103 958 167 1023 lucit
179 968 269 1039 atque
284 957 318 1019 in
332 952 505 1035 Biturigum
521 954 596 1017 lines
610 956 769 1037 peruenit',
793 979 829 1021 eo
846 959 1013 1039 descendit,
1037 974 1071 1027 ut
1085 965 1214 1049 reliqua,

99 1081 158 1144 quae
171 1059 202 1122 iu
218 1057 349 1141 integris
365 1055 453 1121 codd.
471 1077 532 1119 non
546 1058 698 1142 leguntur,
716 1061 879 1139 omitteret,
896 1083 936 1126 ex
953 1063 1083 1127 editione
1097 1065 1216 1130 incerta

97 1174 193 1227 ttuno
214 1162 373 1225 deteriore
393 1158 516 1236 codice,
540 1179 626 1240 quem
649 1181 755 1225 errore
775 1159 1001 1229 Louauiensem
1023 1168 1142 1229 tertium
1159 1188 1215 1252 pro

39 1274 41 1279 '
94 1262 224 1329 leidensi
250 1262 342 1327 tertio
365 1261 512 1345 appellat,
549 1259 787 1328 ‘Nouiodunum’
809 1276 877 1348 post
901 1268 1061 1350 ‘oppidum'
1082 1269 1215 1333 adiceret

92 1367 167 1449 idque
195 1366 339 1451 oppidum
359 1364 554 1431 Haeduorum
585 1366 679 1430 fuisse
708 1366 868 1430 infinibus
891 1365 1066 1452 Biturigum
1087 1370 1215 1454 positum

90 1468 294 1535 arbitraretur.
320 1464 384 1533 Sed
398 1468 447 1550 qui
463 1467 565 1545 lieltat,
581 1479 614 1531 ut
627 1464 747 1531 Caesar
760 1466 954 1533 Haeduorum
970 1471 1108 1553 oppidum
1123 1491 1217 1555 oppu-

89 1584 197 1658 gmret,
214 1571 280 1654 qui,
298 1592 368 1634 cuna
384 1569 458 1634 lraec
472 1580 665 1655 gererentur,
688 1568 720 1633 in
735 1570 868 1635 amicitie
883 1569 1092 1635 Romanorum
1115 1591 1218 1654 perso·

89 1674 248 1739 amadati
278 1672 381 1737 lleete
403 1671 620 1737 Nouiodunum
641 1682 673 1736 et
688 1693 716 1735 c.
736 1670 777 1733 12
792 1672 929 1755 oppidum
951 1670 1123 1756 Biturigum
1139 1684 1172 1737 et
1185 1695 1214 1739 c.

89 1776 124 1841 55
137 1776 334 1845 Haeduorum
350 1775 471 1840 dieitur.
500 1771 655 1859 Bituriges
671 1773 796 1838 enimin
811 1774 868 1839 lide
883 1772 1080 1839 Haeduorum
1096 1778 1218 1841 lueraut

89 1892 115 1945 et
127 1880 161 1943 als
174 1882 216 1945 iis
231 1879 431 1943 desciuerant
443 1900 537 1962 seque
544 1900 610 1943 oum
621 1874 872 1960 Vercingetorige
880 1878 1124 1955 coniunxerant(
1125 1900 1153 1943 c.
1163 1876 1212 1959 5).

89 1978 142 2047 Sed
154 1981 345 2067 expugnatis
361 2001 468 2046 eorum
484 1981 599 2066 oppidio
612 1978 817 2057 Nouioduno‚
834 1979 864 2043 id
879 1981 958 2063 quod
973 1981 1030 2045 hoc
1044 1980 1109 2064 ipso
1123 2001 1153 2046 o.
1172 1978 1215 2045 12

87 2096 114 2148 ιι
126 2084 164 2149 tt
179 2095 340 2162 narratur,
358 2093 391 2147 et
404 2083 538 2149 Auarico
554 2090 596 2162 (e.
612 2080 668 2163 28)
684 2104 739 2147 cos
754 2082 810 2146 suls
824 2093 1003 2166 potestatem
1018 2082 1214 2147 Haeduorum

86 2188 194 2251 redisse
208 2197 348 2271 apertum
365 2196 425 2251 est.
463 2183 569 2270 ltaque
584 2186 640 2250 hoc
656 2186 724 2249 loco
739 2188 776 2249 de
792 2185 920 2249 ueritate
936 2206 1059 2265 eorum,
1083 2205 1160 2270 quae
1181 2185 1214 2250 iu

89 2288 271 2372 interpolatis
287 2289 376 2353 codd.
394 2288 507 2372 scripta
523 2300 606 2367 sunt,
622 2287 815 2352 dubitandum
831 2307 892 2349 nou
909 2298 986 2350 erat.

170 2386 210 2457 C.
235 2388 326 2465 14,ὅ
356 2392 389 2456 iu
419 2391 556 2456 oratione
584 2387 846 2476 Vercingetorigis
878 2389 952 2453 haec
982 2388 1094 2471 scripta
1122 2396 1212 2451 sunta

90 2490 257 2559 ‘Praeterea
273 2494 383 2559 salutis
399 2514 490 2558 causa
505 2493 551 2557 rei
566 2491 722 2557 familiaris
738 2491 894 2555 commoda
909 2490 1112 2576 neglegendae
1130 2490 1214 2553 uicos

87 2608 166 2680 atque
181 2597 323 2661 aedilicia
336 2596 457 2660 incendi
473 2607 612 2680 oportere
627 2596 685 2660 hoc
700 2594 799 2680 spatio
821 2616 838 2657 a
855 2592 931 2657 Boia
953 2613 1072 2676 quoque
1092 2612 1213 2669 uersus,

88 2720 138 2781 quo
151 2698 319 2784 pabulandi
334 2718 424 2763 cansa
444 2698 528 2763 adire
542 2718 631 2784 posse
646 2697 827 2763 uideantur'.
845 2693 1212 2780 Bisputantiuterpretes,

87 2813 176 2867 utrum
196 2798 279 2866 Boia
301 2812 386 2865 recte
407 2802 542 2879 dicatur,
566 2821 606 2864 ιιι
630 2808 661 2863 ‘a
682 2797 778 2866 Boiis’
800 2799 958 2863 dicendum
980 2798 1090 2879 luerit,
1115 2818 1214 2882 neque

89 2902 183 2969 uident
200 2901 303 2969 Boios
325 2903 447 2968 omuino
462 2902 510 2967 hic
524 2902 752 2967 commemorari
768 2924 828 2965 non
844 2901 986 2986 potuisse.
1009 2899 1213 2986 Vercingeto-

87 3006 132 3069 rix
147 3008 252 3085 enim,
277 3028 344 3069 cnm
366 3005 502 3091 oppidum
523 3002 667 3069 Boiorum
690 3014 895 3089 oppugnaret,
923 3005 1045 3089 cognito
1067 3000 1213 3069 Caesaris

86 3108 212 3173 aduentu
227 3107 336 3173 relicta
353 3108 572 3193 oppugnatione
586 3106 705 3171 obuiam
720 3107 748 3169 ei
764 3108 915 3191 proiectus
930 3107 968 3170 ad
982 3104 1213 3183 Nouiodunum,

85 3206 255 3298 Biturigum
270 3210 419 3294 oppidum,
437 3206 602 3275 Caesarem
618 3219 799 3273 consecutus
814 3218 892 3272 erat.
931 3206 976 3271 tlt
998 3210 1064 3273 loso
1080 3210 1215 3290 equitatu

86 3310 351 3398 Vercingetorigis
379 3323 411 3380 et
432 3323 555 3398 recepto
579 3309 767 3375 Nouioduno
793 3304 909 3371 Caesar
937 3309 1113 3387 Auaricum,
1137 3308 1216 3390 quod

84 3414 177 3501 ipsum
191 3412 489 3499 quoqueBiturigum
505 3413 643 3499 oppidum
660 3422 739 3489 erat,
755 3421 858 3476 castra
873 3420 1021 3475 mouerat.
1045 3408 1130 3475 Haec
1145 3429 1216 3473 nar·

83 3528 190 3583 rantur
203 3538 233 3582 c.
252 3516 295 3581 12
310 3528 342 3583 et
356 3516 407 3587 13.
444 3516 561 3583 Deinde
577 3513 680 3581 habita
693 3514 745 3579 illa
759 3513 899 3578 oratione
914 3533 934 3576 a
948 3510 1213 3597 Vercingetorige,

87 3640 127 3685 ex
148 3642 208 3703 qua
228 3642 321 3705 supra
342 3618 487 3703 quaedam
508 3620 612 3704 posui,
636 3615 809 3703 Biturigum
824 3616 931 3701 oppida
946 3636 965 3679 a
980 3614 1074 3681 Gallis
1088 3615 1214 3679 incensa

85 3742 151 3787 esse
165 3734 211 3797 et,
228 3744 296 3787 cnm
312 3720 476 3787 Auaricum
493 3720 670 3787 conseruari
685 3721 860 3806 placuisset,
877 3739 913 3783 eo
931 3716 1215 3803 Vercingetorigem

84 3822 240 3889 Homauos
255 3834 389 3891 secutum
405 3843 474 3889 esse
488 3844 517 3887 c.
535 3823 576 3888 15
592 3834 624 3888 et
639 3821 680 3887 lli
694 3825 836 3889 relertur.
873 3819 926 3889 Ex
948 3820 995 3884 tis
1016 3818 1109 3885 rebus
1124 3837 1216 3902 appa·

83 3938 140 4007 ret,
156 3950 228 3991 cum
242 3928 293 3991 illa
308 3928 407 4021 orptio
423 3926 597 4005 haberetur,
613 3937 644 3989 et
657 3924 813 3991 Romanos
828 3936 861 3988 et
875 3923 981 3989 Gallos
995 3924 1027 3986 in
1041 3919 1215 4001 Biturigum

85 4030 192 4097 finibus
209 4030 318 4110 fuisse,
336 4050 432 4113 neque
447 4026 729 4114 Vercingetorigem
745 4028 874 4093 suadere
888 4026 1033 4110 potuisse,
1055 4031 1091 4086 ut
1104 4041 1123 4083 a
1139 4016 1217 4081 Boia

84 4153 201 4217 quoque
232 4152 340 4196 uersus
367 4130 429 4197 uici
455 4131 651 4215 aedificiaque
677 4131 919 4195 incenderentur.
959 4125 1071 4208 Neque
1093 4120 1217 4186 omniuo

84 4246 168 4303 terta
181 4234 286 4319 aliqua
301 4234 388 4317 regio
403 4234 554 4297 nominari
568 4232 677 4318 potuit.
697 4230 779 4297 Nam
794 4252 832 4295 ea
846 4241 895 4295 est
907 4220 1216 4297 illiusconsiliiratio‚

83 4348 127 4415 ot,
143 4337 325 4420 ubicumque
337 4334 474 4401 Romani·
483 4347 599 4415 essent,
616 4334 894 4403 omniaineircuitu
908 4329 1164 4400 incenderentur,
1180 4342 1219 4385 ne

84 4440 218 4523 pabulari
246 4434 367 4505 Caesar
391 4448 507 4523 posset.
546 4434 653 4521 ltaque
682 4436 832 4520 generalis
851 4432 1012 4517 {sententia
1040 4425 1218 4511 requiritur.

88 4538 158 4607 ldii
176 4543 316 4609 aromati
334 4552 419 4620 sunt,
442 4541 493 4625 qui
508 4561 562 4625 pru
583 4538 644 4609 illis
668 4546 700 4603 ‘a
721 4534 809 4603 Boia’
823 4532 1015 4602 scribendum
1039 4530 1224 4614 putauerunt

87 4645 138 4713 ‘ab
157 4646 271 4727 loste',
296 4656 333 4715 ut
354 4638 761 4719 communivimus,
792 4649 846 4705 aut
869 4637 920 4703 ‘alt
945 4626 1119 4705 Romanis',
1144 4618 1225 4705 quod
