2646 5124
510 570 813 639 ...10-

93 750 204 836 liquis,
230 767 355 832 quorum
375 746 525 811 incertum
546 754 699 809 auctorem
721 764 791 809 esse
812 743 971 808 retulerat.
1017 739 1227 811 Coniunctiuo

95 854 169 919 nibil
183 852 263 917 alind
279 851 430 915 indicatur
444 848 501 912 nisi
517 868 554 912 ea
569 847 662 912 uerba
676 846 715 910 ab
730 846 770 911 iis
784 846 901 912 adiecta
918 866 1009 925 esse,
1026 847 1078 930 qui
1092 848 1228 931 reliquo-

94 977 161 1021 rum
177 974 295 1038 quoque
310 953 454 1017 librorum
467 950 598 1015 Hirtium
611 959 764 1013 auctorem
776 970 845 1014 esse
862 948 1096 1015 contendebant.
1121 946 1227 1031 Quare

95 1070 235 1122 acnuam
251 1057 358 1121 librom
383 1055 420 1119 dc
436 1054 465 1117 b.
484 1050 566 1117 Gall.
591 1053 629 1116 ab
651 1051 789 1117 omnibus
804 1050 906 1115 llirtio
922 1050 1063 1116 tributum
1077 1075 1148 1119 esse
1163 1066 1229 1119 sta·

96 1161 236 1224 tuendum
253 1169 318 1236 est,
343 1168 374 1222 et
392 1156 468 1240 quod
492 1176 579 1220 nemo
595 1155 684 1220 aliter
697 1156 832 1219 sensisse
847 1155 997 1235 traditur,
1012 1167 1055 1220 -et
1068 1158 1147 1239 quod
1164 1157 1229 1242 epi-

96 1262 174 1326 stola
190 1262 218 1327 ei
234 1262 310 1326 libro
326 1260 489 1344 praemissa
506 1256 609 1322 Hirtio
629 1259 696 1323 sine
719 1256 904 1322 dubitatione
919 1280 937 1323 a
952 1256 1100 1324 Suetonio
1117 1259 1228 1324 tribui·

97 1375 158 1429 tur.
206 1365 307 1447 Atque
322 1362 404 1439 illis,
420 1360 528 1444 quibus
544 1361 676 1425 omnium
691 1361 966 1444 supplementorum
982 1359 1101 1425 llirtins
1117 1373 1228 1432 auctor

96 1467 179 1531 1111111
200 1477 264 1544 est,
291 1475 498 1548 praeterquam
520 1463 599 1546 quod
613 1463 745 1547 scriptor
759 1462 848 1546 epist.
865 1464 901 1527 ed
918 1461 1006 1527 Balb.
1023 1485 1228 1529 1111111111-

96 1565 350 1634 111111111111111
373 1587 467 1648 usque
489 1567 525 1629 ad
549 1565 663 1629 exitum
685 1566 751 1629 eius
771 1565 855 1629 uitae
877 1566 1058 1649 perduxisse
1077 1568 1225 1648 allirmat,

96 1673 187 1737 etiam
203 1673 259 1734 boc
273 1669 476 1750 suffragatur,
501 1670 578 1751 quod
600 1689 675 1753 qnae
696 1669 773 1732 idem
790 1669 819 1751 ᾗ.
842 1667 916 1733 sta
937 1690 972 1733 se
986 1670 1099 1748 refert,
1124 1671 1228 1735 omnia

96 1772 207 1855 optime
223 1771 408 1835 conueniunt
420 1768 534 1848 llirtio,
551 1768 679 1855 Oppium
691 1792 765 1836 uero
780 1772 924 1854 quaedam
940 1772 1028 1857 plane
1043 1773 1225 1839 excludunt.

96 1869 245 1954 Queritur
260 1874 339 1937 enim
355 1873 406 1936 ille
421 1873 478 1936 sibi
494 1894 554 1936 non
570 1875 747 1958 contigisse,
765 1885 797 1937 ut
813 1874 1025 1938 Alexandrino
1040 1875 1227 1958 atqueAtri·

96 1997 174 2040 11111
189 1976 266 2040 bello
282 1977 456 2039 interesset.
501 1976 598 2041 Allnit
611 1978 705 2062 igitur
718 1977 750 2039 in
765 1975 863 2040 Gallia
878 1976 993 2041 duobus
1009 1977 1155 2041 extremis
1171 1999 1226 2042 an·

97 2078 164 2156 nis,
189 2099 314 2160 qnorum
337 2099 386 2141 res
410 2089 519 2143 octauo
535 2080 750 2144 commentario
766 2079 848 2144 deb.
867 2076 949 2143 Gall.
967 2081 1225 2164 comprehendun-

97 2192 164 2260 tur,
188 2181 320 2264 itemqne
342 2182 373 2243 in
389 2179 547 2265 Hispania,
565 2204 633 2246 cum
649 2193 756 2246 1111111
769 2180 904 2267 Pompeii
921 2182 1032 2247 liberos
1046 2183 1154 2249 bellurn
1170 2205 1225 2268 ge-

96 2295 230 2348 reretur.
269 2281 332 2348 lam
356 2306 437 2348 anno
459 2282 499 2349 51
522 2293 553 2350 et
575 2282 617 2348 att
639 2284 689 2349 nbi
712 2281 828 2370 Oppius
850 2296 883 2349 et
902 2284 1021 2349 Hirtius
1044 2288 1223 2351 commorati

95 2387 168 2465 sint,
186 2399 326 2452 accurate
342 2389 465 2453 delinire
482 2388 657 2470 nequimus,
675 2388 731 2451 nisi
749 2389 824 2472 quod
840 2409 920 2452 anno
936 2387 996 2467 51,
1013 2409 1072 2470 quo
1088 2398 1224 2473 tempore

95 2485 207 2553 Cicero
221 2490 253 2553 in
269 2486 406 2554 Ciliciam
424 2491 677 2575 proficiscebatur,
695 2491 776 2554 illum
793 2489 909 2554 Romae
926 2490 1018 2553 luisse
1032 2512 1074 2554 ex
1086 2487 1154 2555 Cic.
1172 2513 1222 2576 ep.

95 2592 131 2655 ad
148 2591 214 2654 Att.
233 2591 273 2669 V,
293 2591 329 2671 1,
353 2592 375 2656 2
391 2603 421 2656 et
435 2593 473 2669 4,
491 2591 530 2671 3,
550 2593 628 2657 bunc
643 2614 718 2658 uero
733 2594 788 2657 sub
805 2595 892 2657 linem
908 2594 979 2656 anni
994 2591 1038 2658 50
1052 2616 1069 2657 a
1086 2592 1224 2660 Caesare

95 2691 223 2757 llomem
240 2717 307 2758 cunr
324 2695 524 2759 mandatis-ad
541 2692 665 2759 lialbum
682 2695 804 2758 missum
820 2697 921 2759 statim
937 2697 974 2759 ad
991 2693 1156 2763 Caesarem
1172 2719 1223 2762 re-

95 2796 225 2859 uertisse
242 2818 284 2860 ex
298 2799 395 2862 eiusd.
414 2820 461 2881 ep.
479 2798 515 2862 ad
531 2799 620 2861 eund.
639 2794 720 2875 Vll,
745 2796 784 2875 4,
801 2797 968 2863 21011111.
1014 2800 1223 2866 Alexandriae

94 2917 169 2961 sene
185 2918 223 2961 ne
239 2895 352 2983 Oppius
373 2901 491 2983 quidem
514 2901 570 2964 tuit
584 2922 651 2963 cum
667 2896 816 2978 Caesare,
834 2903 887 2965 sed
904 2924 940 2966 eo
957 2914 1090 2987 tempore
1105 2903 1222 2968 Romae

94 2999 161 3065 siue
176 3001 208 3063 in
221 2998 310 3065 ltalia
328 3002 567 3066 commorabatur
581 2999 664 3084 (Cio.
683 3024 731 3087 ep.
749 3003 785 3066 ad
802 3002 868 3067 Att.
886 2999 946 3082 Xl,
963 3005 996 3085 7,
1014 3006 1046 3071 5.
1063 3005 1096 3084 8,
1114 3005 1145 3068 l.
1165 3006 1219 3085 14,

93 3102 127 3167 2.
153 3102 205 3180 17,
223 3103 255 3166 2.
281 3102 351 3184 18),
369 3126 464 3187 neque
479 3106 510 3169 in
526 3104 660 3168 Africam
676 3100 842 3171 Caesarem
858 3109 1017 3172 comitatus
1034 3120 1081 3172 est
1096 3113 1109 3192 (
1118 3109 1218 3172 eiusd.

94 3228 142 3293 ep.
167 3209 204 3273 ad
227 3206 314 3272 Fam.
338 3204 406 3287 1Χ,
430 3205 470 3285 li,
499 3207 543 3290 1).
589 3205 694 3291 ltaque
715 3206 829 3292 Oppius
852 3211 987 3295 legatus,
1019 3212 1122 3297 quib.
1147 3211 1217 3275 Alr.

92 3308 137 3376 68
152 3323 414 3390 commemoratur,
442 3333 501 3375 non
518 3311 573 3375 fuit
589 3311 636 3373 bic
652 3306 747 3373 Gaius
763 3307 891 3395 Oppius,
910 3323 998 3375 notus
1014 3309 1159 3378 Caesaris
1175 3317 1221 3379 la·

93 3417 229 3481 miliaria.
276 3412 338 3480 Sed
361 3436 398 3479 ne
421 3416 453 3478 111
477 3413 651 3497 llispaniam
681 3412 798 3494 quidem
821 3424 927 3478 contra
950 3413 1083 3499 Pompeii
1106 3415 1220 3478 liberos

93 3513 210 3601 Oppius
226 3540 292 3581 cnm
310 3514 445 3582 Caesare
459 3518 611 3600 protectus
631 3525 697 3578 est:
722 3536 790 3577 nam
806 3513 923 3580 Romae
945 3538 1014 3582 eum
1035 3515 1220 3582 remansisse

93 3615 161 3684 Cic.
179 3640 246 3704 epp.
263 3620 300 3682 ed
316 3619 384 3681 Att.
402 3614 485 3691 Xll,
501 3615 561 3692 29,
578 3616 611 3679 2.
633 3615 696 3694 44,
712 3616 746 3680 4.
776 3615 876 3696 Xlll,
895 3617 955 3698 19,
981 3621 1015 3684 2.
1040 3619 1083 3684 511
1096 3621 1220 3683 demon·

93 3731 218 3787 suatur.
265 3719 383 3783 llirtius
405 3739 500 3797 uero,
524 3720 592 3782 dum
609 3714 726 3785 Caesar
740 3720 947 3786 Alexandriae
971 3723 1163 3802 morabatur,
1186 3724 1220 3787 in

92 3821 209 3888 Achaia
231 3837 309 3888 erat.
342 3819 453 3888 Cicero
477 3821 555 3884 enim
571 3822 608 3886 ad
622 3822 689 3885 Att.
706 3819 773 3900 XI,
800 3822 860 3901 14,
885 3823 905 3887 3
929 3826 1073 3907 quaedam
1094 3848 1161 3890 euru
1182 3829 1221 3891 do

93 3923 210 4008 Quinto
228 3929 323 3991 fratre
337 3924 395 3988 sibi
412 3924 568 3989 nuntiasse
583 3925 709 4003 scribit,
733 3927 782 4009 qui
797 3923 900 3990 Patris
924 3938 990 3991 erat
1009 3931 1024 4010 (
1032 3950 1079 4012 ep.
1099 3927 1159 4008 10,
1185 3928 1216 3991 1.

93 4024 146 4106 11,
163 4027 212 4110 2).
243 4025 317 4093 Inde
332 4029 496 4113 profectus,
513 4048 580 4090 eum
595 4023 713 4093 Caesar
727 4027 916 4092 Alexandria
931 4030 1123 4094 discessisset
1142 4031 1221 4094 etin

93 4126 216 4218 Syriam
233 4133 380 4210 uenisset,
398 4130 580 4195 Antiochiae
593 4131 670 4213 apud
686 4150 752 4193 eum
770 4130 825 4193 luit
839 4126 922 4211 (Cic.
932 4112 978 4196 ‚ad
993 4132 1059 4197 Att.
1077 4131 1145 4212 XI,
1162 4133 1218 4211 20,

92 4230 148 4319 1).
194 4232 300 4319 ltaque
316 4230 478 4298 Caesarem
502 4233 609 4296 deinde
637 4241 743 4295 contre
765 4229 945 4298 Pharnacen
975 4236 1218 4321 proticiscentem

91 4337 252 4402 comitatus
268 4359 336 4402 esse
352 4348 383 4401 et
400 4357 459 4401 una
474 4334 601 4399 Romam
616 4335 732 4399 redisse
748 4336 841 4400 uideri
856 4337 956 4401 debet.
980 4336 1130 4418 Eundem,
1150 4359 1218 4403 euna

92 4434 209 4505 Caesar
223 4441 254 4504 in
264 4440 369 4505 Africa
383 4440 492 4504 bellom
508 4448 641 4521 gereret,
658 4438 690 4502 in
705 4437 792 4503 ltalia
808 4441 992 4505 remansisse
1008 4438 1076 4506 Cio.
1094 4463 1162 4525 epp.
1180 4443 1219 4504 ad

92 4540 159 4615 Att.
176 4540 241 4607 XII
251 4590 260 4622 ,
277 4543 316 4624 2,
333 4543 355 4607 2
370 4555 402 4608 et
415 4542 451 4606 ad
466 4540 553 4606 Fam.
570 4539 638 4621 IX,
653 4538 694 4619 6,
714 4541 731 4604 1
757 4543 930 4607 ostendunt.
962 4542 1006 4607 At
1020 4545 1052 4607 in
1068 4543 1217 4628 Hispania

92 4666 159 4711 cum
174 4643 310 4715 Camere
332 4648 398 4713 luit
435 4642 600 4712 Suetonius
623 4643 703 4708 enim
718 4643 798 4730 Aug.
816 4642 860 4710 68
875 4643 916 4709 t..
933 4646 1100 4711 Antonium
1122 4643 1216 4713 Oeta-
