2646 5124
434 608 756 675 ——lllb—

67 778 243 847 uuundere'
262 780 370 843 ialsum
386 791 444 843 ests
464 778 642 844 Caesariani
657 784 749 860 enim,
767 805 832 847 cum
849 800 967 871 pontem
979 803 1086 857 contra
1094 794 1168 860 Ale.

67 884 198 949 mdrinos
214 884 443 967 praeuallarent
458 882 525 963 (tt,
541 883 574 946 l.
591 880 652 958 20,
669 882 716 965 5),
742 886 773 949 in
785 886 1055 972 ipsopontcerant.
1081 892 1167 960 Scri·

67 990 158 1051 edum
183 998 272 1061 erat,
298 996 331 1049 ut
353 985 482 1048 coniecit
507 982 641 1049 lurinius
663 988 695 1051 in
711 989 838 1052 addend.
863 1013 881 1074 p
917 992 992 1072 571,
1019 992 1161 1078 ‘Caesam

67 1091 125 1155 cad
149 1089 252 1173 potuit
272 1088 461 1152 cohortando
473 1108 545 1150 suos
557 1090 594 1150 ad
609 1101 729 1171 pontem
746 1112 781 1154 ac
797 1094 977 1159 munitiones
992 1101 1159 1175 continere,

67 1192 131 1257 lem
148 1194 182 1255 in
199 1192 337 1275 periculo
353 1200 493 1254 uersatus
508 1190 577 1253 est’.

112 1291 154 1359 C.
165 1294 211 1357 22
227 1294 346 1357 duobus
361 1291 436 1355 locis
451 1294 594 1374 quaedam
610 1295 764 1359 excidisse
779 1298 942 1362 notandum
958 1313 1025 1365 erat
1038 1303 1069 1365 in
1086 1303 1163 1367 hunc

67 1398 166 1463 ndum:
197 1394 282 1459 ‘Hoc
297 1395 477 1459 detrimento
492 1393 602 1458 milites
617 1397 714 1459 nostri
731 1406 846 1461 tantum
863 1401 1023 1482 afuerunt,
1051 1415 1082 1467 ut
1097 1428 1164 1489 per-

67 1500 237 1573 rbarentur,
262 1509 297 1561 ut
312 1498 428 1561 incensi
444 1506 533 1579 atque
548 1498 665 1561 incitati
682 1519 806 1583 magnas
829 1502 1021 1568 accessiones
1038 1507 1165 1570 iecerint
1275 1501 1278 1508 ’

77 1602 225 1689 operibns
247 1601 391 1664 bostium·
403 1600 622 1684 expugnandis,
646 1601 678 1664 in
694 1603 815 1683 proeliis
827 1604 1005 1679 cotidianis,
1029 1610 1164 1691 qnando-

67 1726 151 1789 nquc
166 1706 235 1767 fors
258 1702 431 1778 obtulerat,
457 1702 702 1785 procurrentibus
724 1714 754 1767 et
776 1706 1001 1789 erumpentibus
1025 1710 1162 1773 Alexan·

67 1806 125 1871 inis
137 1827 261 1869 manum
281 1850 356 1867 ....
383 1804 599 1887 comprehendi}
614 1806 738 1869 multum
758 1807 896 1890 operibus
915 1854 986 1872 ....
1004 1822 1036 1874 ct
1051 1812 1161 1877 arden-

67 1908 233 1975 melodiis
250 1906 389 1983 militurn,
414 1927 469 1970 nec
484 1905 636 1991 diuulgata
653 1902 796 1971 Caesaris
814 1909 941 1973 hortatio
957 1911 1098 1996 subsequi
1115 1914 1158 1977 le·

67 2032 149 2077 nam
166 2022 221 2073 aut
241 2010 375 2074 laborem
399 2020 451 2071 ant
472 2009 622 2093 pugnandi
647 2020 764 2093 poterut
785 2012 988 2094 cupiditatem,
1013 2026 1046 2078 ut
1061 2016 1157 2100 inagis

67 2113 202 2179 modi
225 2122 256 2175 et
279 2111 451 2175 continendi
467 2132 483 2173 a
508 2112 770 2196 periculosissimis
786 2124 888 2177 essent
903 2116 1156 2195 dimicationibus,

67 2236 119 2281 arn
140 2215 287 2278 incitandi
309 2215 345 2277 ad
369 2216 580 2298 pugnandum’.
612 2213 698 2296 Quae
720 2227 790 2299 post
810 2215 904 2279 uerba
920 2219 1157 2303 ‘erumpentibus

67 2316 267 2381 lexnndrinis’
288 2316 446 2402 leguntur,
474 2318 681 2400 superioribus
705 2337 764 2380 non
790 2317 954 2381 cohaerere
975 2318 1159 2383 intellectum

67 2428 121 2497 at,
137 2430 171 2485 et
183 2420 292 2483 lacuna
305 2431 375 2484 ante
392 2419 548 2482 ‘manum'
564 2420 740 2503 significata,
782 2416 842 2482 Sed
867 2440 926 2482 non
948 2420 1045 2505 magis
1064 2421 1157 2483 hacc:

67 2540 174 2585 mom
196 2521 407 2605 comprehendi
429 2521 552 2584 multum
576 2521 731 2606 operibus’
759 2522 876 2584 inulla
900 2525 994 2585 torma
1018 2522 1160 2607 coniungi

67 2632 206 2687 tucrum.
247 2621 394 2687 ‘bianum'
426 2634 526 2687 autem
555 2624 760 2706 superioribus
798 2623 965 2707 adiungere
1001 2624 1091 2702 licet,
1127 2634 1161 2687 ut

67 2726 137 2791 inde
158 2726 312 2789 excidisse
334 2735 501 2789 statuamus
524 2725 744 2789 ‘conserentes'
758 2726 808 2789 nel
824 2725 922 2788 simile
944 2726 1024 2809 qnid.
1056 2725 1160 2789 Verba

67 2827 263 2911 cumprehendi
293 2829 417 2892 multum
440 2827 597 2913 operibus'
622 2828 766 2912 reliquiae
789 2838 860 2892 sunt
890 2829 1057 2894 huiusmodi
1086 2850 1158 2893 sen·

67 2930 161 3009 ntiae,
194 2926 361 2995 Caesarem
390 2930 598 3014 comprehendi
629 2930 750 2993 multum
773 2931 912 3014 operibus
941 2934 1093 3012 noluisse,
1125 2932 1155 2995 id

67 3034 118 3112 ad,
135 3055 207 3097 cnm
223 3032 333 3096 milites
348 3032 572 3096 Alexandrinos
587 3032 709 3095 assidue
730 3045 902 3116 premerent
917 3046 949 3098 ct
961 3037 1156 3119 repellerent,

67 3138 206 3201 caurio
230 3136 479 3218 consequebatur.
516 3134 663 3199 Proxima
688 3145 737 3197 ‘et
756 3136 928 3199 ardentibus
951 3138 1060 3200 studiis
1083 3138 1160 3198 mili-

67 3238 98 3303 ι’
112 3249 258 3303 extrema
274 3240 394 3302 luerunt
417 3237 560 3322 deperditi
582 3236 750 3299 enuntiati:
775 3258 842 3300 nam
864 3258 961 3319 neque
984 3258 1050 3300 cum
1073 3256 1162 3319 supc-

67 3340 159 3407 tn'bus
174 3342 353 3417 cohaerent,
370 3351 401 3403 et
415 3362 432 3403 a
448 3339 640 3423 sequentibus
656 3337 758 3401 uerbis
781 3344 850 3401 ‘nec
865 3338 1034 3421 diuulgata’
1053 3358 1162 3399 nonum

67 3446 219 3509 nntiatum
234 3443 359 3528 incipit,
375 3442 450 3527 quod
466 3440 614 3525 superiori
630 3440 673 3503 illi
690 3439 882 3503 coniunctum
900 3439 966 3503 luit.

114 3542 160 3611 C.
177 3542 270 3623 25,2
292 3546 365 3609 baec
384 3545 579 3629 legebantur:
614 3539 737 3625 ‘ltaque
760 3541 911 3626 expeditis
935 3541 1062 3627 nauigiis
1085 3542 1160 3605 locis

67 3650 147 3715 fleis
170 3648 209 3713 ad
235 3643 390 3731 Canopum
413 3648 443 3709 in
466 3646 597 3710 statione
618 3645 771 3729 dispositis
795 3644 921 3708 nauibus
942 3644 1161 3708 insidiabantur

67 3753 142 3817 stris
166 3750 393 3815 commeatibus.
424 3746 511 3829 Quod
533 3747 582 3810 ubi
605 3745 730 3811 Caesari
749 3748 917 3811 nuntiatum
940 3757 1005 3825 est,
1029 3748 1159 3810 classem

67 3855 110 3919 bet
122 3852 266 3937 expediri
282 3864 370 3935 atquc
386 3853 517 3914 instrni’.
550 3848 606 3914 llis
621 3850 723 3914 uerbis
738 3850 862 3914 ridicule
878 3849 1077 3913 Alexandrini
1095 3856 1158 3920 ant,

67 3957 236 4040 'unanigia
250 3956 457 4039 expedissem,
476 3974 568 4017 naues
585 3954 767 4037 disposuisse
775 3954 927 4027 dicuutur,
945 3954 997 4013 aul
1006 3948 1161 4012 uelocibus

67 4056 160 4142 ligiis
175 4056 330 4140 dispositis
345 4056 560 4118 commeatibus
576 4056 700 4119 nauibus
720 4055 852 4118 insidiati
875 4072 962 4128 esse,
979 4050 1076 4133 quasi,
1094 4068 1161 4111 enm

67 4158 112 4223 ius
126 4159 314 4231 declaratum
332 4168 423 4235 esset,
441 4159 566 4221 alterum
582 4158 708 4220 nauibus
723 4158 835 4219 lactum
851 4174 933 4231 esse,
958 4153 1093 4234 cuiqnam
1111 4148 1163 4209 ob-

67 4280 152 4325 mum
177 4280 248 4323 esse
264 4261 422 4343 potuisset.
457 4257 493 4323 ln
514 4261 634 4342 optimis
654 4258 741 4323 codd.
759 4278 820 4320 non
842 4255 953 4339 legitor
977 4248 1163 4316 ‘commeati-

67 4362 111 4437 ω’,
126 4364 181 4428 sed
200 4363 403 4427 ‘commeatu'.
427 4360 533 4446 ltaque
549 4360 667 4425 llirtius
683 4360 723 4423 ita
739 4360 914 4445 scripseratc
933 4354 1075 4419 ‘nauibus
1090 4348 1164 4411 insi-

67 4462 191 4529 abantnr
205 4465 320 4529 nostris
335 4476 573 4548 commeatuque.
598 4460 687 4545 Quod
701 4459 762 4525 ubi'
781 4470 854 4523 cett.
878 4457 996 4523 Deinde
1011 4456 1042 4516 in
1057 4448 1164 4513 iisdem

67 4566 389 4653 nt.1egtnr·onam
412 4568 539 4632 classem
562 4565 645 4629 iubet
666 4563 824 4648 expediri'.
854 4558 928 4624 lnde
950 4556 1036 4621 effeci
1063 4560 1165 4613 ‘suam

67 4666 185 4733 basem'.
210 4668 302 4735 Prius
314 4670 491 4735 uocabulum
505 4678 587 4733 recte
599 4666 804 4749 praeponitur,
822 4681 887 4725 cnm
897 4656 1043 4722 Caesaris
1059 4648 1166 4712 classis

71 4766 154 4826 amr,
169 4770 206 4815 ea.
222 4770 331 4829 suppara.
918 4756 956 4818 13
