2646 5124
516 601 823 669 —53—

124 777 265 853 ‘praesume
281 768 436 833 debeunt'.
470 767 586 837 Verum
607 776 709 840 uerbis
726 784 904 862 ‘proestare
919 781 1045 846 debect’
1067 807 1128 852 nou
1144 791 1241 876 signi-

113 874 214 950 ficetur,
239 884 275 937 nt
291 870 484 937 Schneidero
501 874 599 940 uisum
615 889 682 956 est,
711 885 765 942 ‘es
781 885 883 946 miisse
897 882 957 946 den
972 905 1092 971 norzug
1108 889 1238 969 heleu’,

106 980 147 1042 scd
169 984 223 1042 ‘cs
238 980 345 1040 miisse
359 977 470 1041 besses
487 980 584 1042 sein'=
609 982 759 1045 sententie
783 992 883 1046 nutem
900 986 1046 1068 requirit,
1068 999 1102 1052 ut
1118 992 1239 1057 dicetur

102 1082 187 1163 ‘pund
211 1081 250 1143 iis
273 1079 370 1143 uideri
394 1081 505 1144 desem
526 1085 696 1164 praestere'
720 1084 769 1146 nel
787 1086 887 1168 ‘quod
904 1091 1060 1171 praeferre
1075 1092 1234 1157 debeeut'.

95 1180 212 1248 tiemo
235 1181 434 1245 scribendum
456 1183 617 1247 uidebatur
639 1187 736 1272 ‘quod
758 1199 916 1270 praestare
932 1188 1061 1269 dicaut',
1079 1193 1236 1260 Whittius

92 1284 268 1373 lippertnm
285 1295 317 1349 et
328 1282 517 1369 Meduigium
533 1297 657 1350 secutus
675 1288 776 1370 ‘quod'
791 1300 863 1372 post
879 1293 1061 1355 ‘conferunt'
1077 1307 1108 1357 et
1120 1308 1235 1360 utrum-

90 1380 149 1474 que
165 1388 343 1452 ‘debeant'
366 1389 496 1467 deleuit,
520 1408 595 1470 quac
618 1389 718 1452 omniu
741 1391 863 1474 longius
886 1413 904 1455 e
928 1393 1064 1456 codicum
1085 1397 1235 1481 scripture

88 1492 259 1556 discedunt.
305 1488 390 1554 Nam
411 1488 660 1577 Oudendorpinnr
682 1493 750 1575 quis
770 1493 893 1570 audiet,
917 1494 1015 1576 quiin
1031 1497 1166 1561 editione
1181 1501 1234 1562 mi-

88 1616 156 1659 nore
171 1604 302 1659 ntentn
326 1594 464 1658 codicum
487 1596 637 1679 scripturo
663 1603 720 1657 ‘ne
744 1596 928 1657 trumentum
953 1598 1132 1672 contemne,
1157 1603 1235 1683 quod

86 1710 243 1782 praestare
261 1696 406 1760 debeant'
421 1711 489 1781 post
505 1698 664 1780 ‘perferre'
680 1718 721 1762 cx
737 1696 854 1759 duobus
869 1698 1011 1779 pessimis
1026 1700 1138 1777 codd,
1156 1698 1233 1764 Car-

87 1801 212 1865 rsriensi
230 1811 266 1863 et
281 1796 474 1877 Dukerieno,
492 1800 602 1863 adiecit
617 1799 727 1863 ‘sotius
742 1801 846 1865 esse'l
867 1799 981 1864 Veram
998 1801 1147 1865 rationem
1164 1803 1233 1867 iniit

85 1901 256 1981 docunius,
275 1901 327 1985 qui
344 1901 420 1965 hoec
434 1902 475 1964 ita
491 1902 650 1966 scribenda
667 1922 736 1966 esse
747 1903 880 1966 monuit:
901 1901 968 1967 ‘hos
982 1904 1127 1967 seditiose
1139 1915 1230 1986 atoue

85 2006 219 2092 improbe
242 2004 387 2068 oratione
411 2004 635 2067 multitudinem
657 2005 834 2082 deterrere,
859 2025 898 2068 ne
921 2006 1103 2069 frumentum
1125 2008 1230 2070 conle-

84 2120 163 2186 rent,
180 2109 264 2193 quod
280 2116 440 2192 praestare
457 2106 604 2170 deleant:
622 2108 648 2171 si
664 2107 722 2171 ianr
738 2107 938 2191 principatum
955 2104 1075 2171 Galliae
1089 2108 1229 2193 obtinere

88 2234 146 2275 nou
159 2210 293 2295 possint,
311 2206 471 2273 Gallorum
482 2230 569 2291 quarn
577 2208 783 2272 Romanorum
799 2209 925 2293 impen'e
941 2211 1109 2293 praeferre,
1128 2231 1227 2292 neque

89 2314 242 2389 dubitare,
258 2311 339 2395 quin’
355 2320 431 2374 cett.
465 2308 657 2390 ‘Deleant’,
675 2311 754 2394 quod
768 2311 800 2374 in
817 2311 904 2373 codd.
923 2321 991 2393 post
1007 2311 1169 2374 ‘dubitare'
1185 2310 1228 2373 le·

90 2415 190 2500 gitur,
208 2434 296 2497 qun·
313 2413 394 2478 facili
411 2434 517 2477 errore
531 2413 625 2498 repeti
641 2413 792 2497 potuerit,
814 2423 959 2497 apparet:
978 2412 1159 2496 ‘praeferre’
1175 2431 1227 2474 su·

87 2528 145 2582 lem
160 2528 192 2582 et
206 2517 291 2581 nulle
308 2517 375 2580 lere
389 2516 556 2579 mntrtioue
571 2516 700 2579 edicitur
714 2526 746 2579 et
760 2515 874 2599 legitur
884 2516 915 2578 in
930 2514 1124 2600 interpolatis
1137 2513 1224 2577 codd.

87 2618 125 2686 se
139 2642 219 2686 uero
235 2620 401 2707 praeferre·
410 2637 508 2701 neque
524 2619 661 2682 dubitare
678 2617 817 2681 dicebant
831 2616 887 2695 illi,
906 2618 956 2699 qni
968 2616 1111 2680 llueduos
1124 2637 1140 2678 e
1154 2636 1226 2680 con·

88 2723 208 2788 terendo
233 2724 386 2785 frumento
415 2722 630 2800 deterrebant,
662 2743 730 2785 cunr
758 2741 844 2784 suem
871 2719 1052 2783 sententiam
1075 2729 1224 2802 umquam

86 2827 223 2890 mnibus
244 2823 428 2907 sequendum
457 2833 621 2906 ponerent,
651 2823 740 2908 plane
760 2833 795 2885 ut
815 2820 1055 2905 Vercingetorix
1078 2818 1156 2900 Vll,
1182 2820 1223 2886 14

87 2940 166 2994 extr.
192 2929 294 2992 ‘haec
317 2926 345 2989 si
367 2924 471 3009 grauia
492 2936 544 2989 eut
565 2924 676 2988 dcerbu
697 2924 877 3015 uideantur,
906 2924 1000 2988 multa
1022 2925 1074 2989 illo
1094 2926 1223 3012 mulus

89 3032 271 3107 sentinare,
288 3029 422 3106 liberos,
440 3029 583 3112 onningen
598 3029 630 3091 in
652 3028 830 3092 seruitutem
851 3026 1005 3106 abstrahi,
1029 3028 1112 3112 ipsos
1127 3031 1222 3092 inter·

88 3135 153 3207 ici,
176 3152 259 3216 qnae
274 3131 315 3195 sit
329 3150 455 3195 necesse
471 3131 608 3194 accidere
623 3129 735 3193 uietis'.
782 3126 829 3192 ltu
844 3127 922 3191 enim
939 3148 976 3190 ea
990 3128 1084 3192 uerbo
1097 3130 1129 3193 in
1146 3130 1222 3191 inte·

87 3238 148 3320 gris
164 3235 258 3298 codd.
274 3236 427 3318 leguntur.
459 3230 546 3315 Quod
563 3242 663 3295 autem
679 3229 927 3312 Whittionerbn
949 3231 1045 3311 ‘quod
1068 3241 1224 3312 praestare

89 3337 237 3403 deleant’
252 3334 406 3400 abundare
422 3336 485 3399 uisa
502 3345 586 3411 sunt,
605 3353 666 3396 nou
683 3342 732 3394 est
746 3350 785 3394 en
800 3350 850 3392 res
865 3349 883 3390 o
899 3325 1035 3392 Caesare
1050 3331 1161 3394 aliena.

173 3438 215 3505 C.
239 3438 305 3517 24,
328 3437 351 3503 2
372 3439 405 3502 in
426 3438 554 3521 integris
577 3435 682 3512 codd,
704 3433 882 3517 quibuscum
898 3428 1051 3495 Whittius
1067 3428 1222 3496 liconien-

91 3564 213 3627 sempr.
232 3540 409 3605 consentire
423 3541 528 3618 refert,
545 3538 586 3602 ite
604 3536 748 3622 scriptum
766 3547 831 3599 est:
856 3532 946 3619 ‘Ipse
960 3532 1080 3598 interim
1096 3535 1127 3599 in
1144 3534 1220 3599 colle

91 3646 186 3711 medio
207 3643 358 3728 triplicem
379 3644 475 3707 aciem
497 3640 643 3705 instruxit
665 3638 819 3722 legionum
835 3647 977 3721 quattuor
993 3650 1218 3716 neternnomm,

91 3749 147 3828 ite,
169 3749 215 3813 uti
240 3767 352 3831 suprs3
375 3749 428 3811 sed
450 3746 481 3809 in
504 3764 620 3808 summo
634 3743 706 3825 ingo
722 3742 796 3806 dues
811 3742 966 3827 legiones,
984 3763 1057 3825 quas
1072 3741 1103 3804 in
1118 3737 1220 3804 Gellia

91 3851 233 3915 citeriore
249 3849 386 3930 proxime
402 3848 640 3930 conscripserat,
656 3844 799 3908 collocari
815 3865 851 3908 nc
868 3854 960 3906 totum
978 3853 1107 3907 montem
1124 3841 1219 3904 honri·

92 3953 175 4017 nilus
190 3952 336 4034 compleri
359 3963 474 4016 etcum
490 3952 527 4013 alr
541 3950 600 4027 iis,
626 3949 674 4030 qui
696 3947 728 4009 in
750 3946 908 4029 superiore
923 3946 989 4009 acie
1005 3945 1217 4021 constiterant,

91 4157 189 4220 uerbis
206 4157 281 4233 ιἱιιι,
299 4156 342 4219 uti
358 4155 467 4240 snpro'
482 4154 593 4237 respici
609 4153 687 4217 dicet
702 4153 739 4216 nd
755 4173 804 4226 eu,
822 4171 897 4233 qnae
912 4150 1055 4233 leguntur
1068 4169 1096 4210 c.
1113 4147 1175 4225 22,
1198 4145 1220 4209 2

93 4252 223 4322 ‘Caesar
236 4279 307 4323 sues
323 4258 426 4343 copias
441 4258 472 4321 in
489 4256 658 4342 proximum
675 4255 781 4319 collem
797 4251 947 4329 subducit,
965 4251 1060 4315 aciem
1071 4249 1217 4313 iustruit':

94 4361 217 4447 ‘supra'
231 4370 333 4426 entem
350 4362 461 4425 lectum
476 4369 561 4424 recte
576 4358 654 4437 dici,
671 4356 749 4440 quod
767 4354 894 4420 ‘auten’
911 4352 1089 4432 occidisset,
1114 4351 1219 4416 eodem

93 4464 194 4541 nodo,
217 4474 309 4549 atque
325 4486 393 4529 cunr
408 4485 500 4550 supra
514 4461 626 4549 eliquid
641 4461 879 4525 demonstratum
895 4475 965 4520 esse
980 4456 1109 4518 dicutur.
1157 4447 1224 4515 Sed

93 4587 155 4630 cnm
175 4589 264 4652 supro
285 4566 401 4650 aliquid
421 4568 657 4631 demonstratum
673 4562 807 4637 dicitur,¹
822 4560 1013 4644 perspicuum
1036 4564 1084 4620 est
1104 4552 1135 4614 id
1158 4570 1221 4614 non

95 4677 220 4756 tenpore
234 4667 415 4757 superiore,
431 4670 485 4735 sed
500 4669 568 4734 loco
583 4669 819 4733 demonstratum
835 4661 910 4740 dici,
926 4661 976 4743 qui
992 4662 1024 4722 in
1039 4655 1118 4720 libro
1132 4672 1221 4736 sope-
