2646 5124
96 754 213 817 Vterto
227 744 310 814 Gall.
326 768 357 834 p.
373 746 438 813 323
452 748 620 815 leolendum
635 749 733 815 uisum
747 756 807 813 est.
843 742 907 815 set
926 758 1036 815 mnus
1049 748 1219 815 unientur

95 854 186 918 ullam
209 851 300 916 tabes
322 852 571 937 probabilitatem.
618 848 799 937 Sequendus
819 860 867 916 est
886 849 982 935 igitur
1002 848 1156 939 ScnIIger,
1175 853 1220 938 μ’

95 956 189 1021 uerlse
211 962 249 1019 ‘a
263 951 358 1017 Boia’
380 954 484 1038 spuria
503 974 574 1019 esse
596 955 750 1019 iudicauit.
787 953 931 1040 Asotipta
951 966 1025 1019 snut
1045 955 1086 1021 alr
1103 976 1159 1037 uo,
1174 956 1221 1041 gu*

95 1058 172 1123 oerti
194 1056 320 1122 alieuius
343 1058 401 1122 lori
422 1057 671 1142 significationem
693 1056 807 1141 requiri
831 1068 884 1138 et,
907 1076 976 1123 eun
997 1077 1095 1143 supra
1108 1078 1140 1125 o.
1154 1056 1222 1139 Μ

94 1158 238 1226 Boiorum
266 1160 405 1245 oppidum
432 1182 449 1224 a
478 1160 730 1245 Vercingetorige
758 1170 959 1245 oppugnatum
986 1178 1059 1225 esso
1084 1160 1220 1249 leg‘usot,

94 1263 185 1330 etiam
200 1262 257 1327 lroc
271 1274 406 1347 tempore
421 1259 525 1328 Gallos
540 1263 580 1327 ili
596 1272 797 1327 eornmoratos
810 1282 880 1328 esso
894 1261 1110 1329 sultitrrretur.

180 1361 221 1432 C.
239 1364 281 1430 18
295 1362 432 1443 Caesar,
456 1386 523 1430 cunr
539 1364 841 1451 Vercingetorigem,
862 1372 897 1431 ut
909 1364 1140 1451 pululatotibtts
1152 1364 1222 1433 in‘·

94 1469 240 1548 diaretnr,
257 1488 276 1533 a
290 1469 400 1535 eastris
415 1468 593 1533 discessisse
608 1468 821 1553 comperisset,
837 1468 875 1533 ad
889 1466 1104 1555 opprimendus
1117 1464 1222 1537 cette

93 1569 127 1637 in
141 1573 251 1637 eastris
265 1572 388 1637 relictos
402 1590 471 1635 sese
486 1572 650 1656 protectum
664 1590 734 1636 esse
748 1572 856 1636 refert.
896 1566 978 1650 ι1111,
994 1570 1107 1655 iuquit,
1132 1570 1223 1637 ‘nlo-

94 1675 173 1741 riter
192 1694 248 1759 per
268 1675 478 1757 exploratores
499 1674 632 1738 aduentu
654 1668 799 1739 Caesaris
823 1672 944 1759 cognito
957 1690 1080 1739 -ourrus
1100 1672 1221 1761 inpedi-

93 1786 255 1861 mentaqne
269 1796 325 1841 sua
338 1776 370 1840 in
385 1777 515 1841 artiores
530 1775 624 1840 siloes
640 1776 829 1856 obdiderunt,
853 1778 956 1862 eopius
972 1794 1081 1845 omues
1101 1777 1135 1843 iu
1157 1772 1220 1843 Ises

94 1876 176 1942 odito
198 1889 286 1961 atquc
301 1888 406 1962 aperto
427 1877 660 1943 instruxerunt’.
682 1876 801 1943 Deinde
815 1898 844 1943 e.
863 1876 917 1955 ttt,
934 1876 952 1941 1
967 1878 1021 1944 ille
1035 1880 1124 1945 loeus
1136 1898 1221 1947 nou·

93 1980 190 2045 retius
205 1980 250 2045 sic
264 1981 462 2045 describiturz
481 1979 590 2045 ‘Collis
605 1990 673 2045 erat
686 1978 797 2045 leniter
809 1980 848 2044 slt
862 1980 965 2045 iallmo
978 1982 1119 2049 acclinis.
1136 1980 1221 2049 ltu

94 2100 138 2147 ex
151 2084 290 2148 omnibns
306 2086 369 2149 lere
391 2084 524 2169 pertibus
547 2083 632 2168 palus
647 2082 777 2149 dillleilis
798 2094 887 2168 atque
909 2083 1049 2169 impedita
1069 2083 1220 2171 ringeln,

94 2204 156 2249 uon
170 2186 261 2251 latior
275 2186 397 2272 pedibus
411 2186 638 2271 qninquaginta.
663 2183 731 2251 Iloe
745 2205 781 2250 se
795 2185 873 2250 colle
887 2186 1069 2273 interruptis
1083 2186 1222 2273 pontibus

94 2284 175 2353 Gatti
191 2288 306 2357 fidncia
328 2288 386 2354 loci
410 2290 605 2355 conticebant
624 2288 852 2375 generatimque
866 2287 1016 2353 distriltnti
1036 2288 1071 2353 iu
1086 2288 1222 2355 ciuitsset

95 2392 195 2456 omniu
211 2393 285 2457 uode
302 2413 337 2456 ae
354 2394 449 2456 soltus
466 2394 530 2457 eius
547 2393 662 2477 paludis
678 2390 863 2469 obtinebunt,
880 2391 925 2455 sic
939 2391 1041 2454 auimo
1055 2393 1167 2476 paruti,
1178 2374 1220 2469 ut,

95 2494 122 2559 si
137 2514 202 2559 eom
219 2496 355 2581 paludem
371 2493 501 2558 llomrui
518 2515 712 2580 perrumpere
728 2503 930 2572 conarentur,
954 2493 1143 2560 haesitantes
1157 2512 1222 2579 pre·

93 2608 212 2662 merent
233 2616 274 2661 ex
296 2600 361 2660 loeo
384 2598 563 2681 superiore'.
601 2596 636 2661 In
659 2620 714 2682 qur
736 2599 842 2682 pelnde
868 2597 1116 2680 quemadmodum
1128 2596 1223 2661 sallus

94 2701 320 2763 eommemoreri
343 2700 515 2785 potuerint,
540 2700 621 2765 nulla
644 2702 762 2765 ratione
783 2719 880 2785 neque
900 2699 1035 2783 intellegi
1056 2718 1157 2783 neque
1170 2718 1223 2761 ex·

96 2800 201 2884 pliceri
219 2811 328 2883 potest.
353 2800 434 2865 Nem
450 2812 481 2864 et
496 2803 630 2886 paludem
647 2805 764 2887 planam
780 2814 870 2886 atque
885 2801 1046 2865 demissum
1061 2800 1159 2867 luisse
1172 2820 1223 2865 ne·

94 2920 182 2966 cesse
197 2910 261 2980 est,
285 2904 381 2984 etqui
396 2906 460 2968 lleri
476 2906 591 2989 potnit,
618 2916 650 2969 ut
664 2906 695 2968 iu
711 2914 772 2977 tam
788 2905 901 2989 exigno
916 2904 1032 2990 apetie,
1056 2922 1125 2967 eum
1140 2902 1224 2988 polus

95 3022 157 3067 uon
173 3014 256 3068 esset
270 3003 361 3068 letior
376 3006 499 3090 pedibus
513 3008 740 3092 quinquaginta,
757 3028 817 3071 non
833 3027 924 3085 nnus,
942 3007 994 3071 sed
1010 3006 1114 3091 plnres
1129 3006 1225 3071 saltus

94 3109 220 3172 essenti
233 3104 313 3171 Nem
330 3111 356 3173 is
372 3110 503 3193 quidem,
517 3112 566 3195 qni
582 3112 630 3175 ltie
648 3111 789 3195 ‘waldigc
804 3116 951 3195 eugptlsse
966 3109 1066 3173 dieses
1080 3104 1225 3194 sumplus*

92 3209 310 3295 interpretetur
324 3222 356 3276 et
370 3213 465 3278 soltus
479 3212 749 3299 Thermopylarum
765 3232 807 3277 ex
822 3209 893 3276 Liu.
911 3206 1069 3289 XXXVI,
1089 3210 1130 3275 ld
1145 3230 1227 3277 cou-

94 3325 191 3398 parat,
208 3315 322 3379 neritus
339 3316 469 3394 uidetur,
487 3339 525 3382 ne
540 3317 657 3383 ridendi
673 3316 800 3380 materia
815 3314 984 3379 homiuibus
993 3314 1125 3378 deesset.
1143 3312 1224 3400 Ego,

94 3418 171 3499 quod
193 3413 312 3483 Creser
332 3421 468 3485 scribere
489 3421 640 3504 potuerit,
670 3439 764 3483 unum
786 3418 927 3482 inuenies
956 3417 1066 3481 ‘omnia
1088 3416 1168 3479 uada
1190 3434 1227 3479 ao

93 3518 241 3582 transitus
256 3520 322 3583 eius
338 3522 476 3605 paludis,
500 3530 534 3583 ut
549 3520 669 3586 Hirtius
686 3517 774 3599 VIII,
793 3518 845 3598 13,
865 3518 882 3581 1
906 3520 985 3583 dixit
1008 3519 1097 3584 ‘redu
1113 3518 1226 3584 trunti·

94 3626 204 3700 tusque
218 3620 357 3701 paludis',
380 3641 560 3706 quemqnam
585 3643 602 3685 a
627 3624 791 3687 litterarum
816 3622 1011 3686 similitudine
1032 3620 1144 3695 nnllam
1159 3620 1227 3686 eius

95 3719 288 3783 coniecturae
304 3724 592 3791 commendationem
613 3746 683 3790 esse
699 3726 798 3790 uideo.
837 3721 897 3790 Sed
922 3745 960 3789 ne
985 3724 1085 3788 ‘cada'
1107 3722 1227 3808 qnteu

96 3826 198 3904 ‘atque
214 3821 336 3898 aditus’,
352 3824 430 3906 qnod
446 3826 533 3909 paulo
549 3828 671 3912 propius
686 3828 833 3891 accedere
848 3827 944 3891 uideri
961 3837 1070 3911 potest,
1087 3823 1228 3891 reetedi·

95 3932 256 4003 errentur,
279 3944 346 3988 cum
371 3946 430 3989 non
453 3928 551 3991 editus
567 3928 683 4012 peludis
699 3952 717 3993 n
732 3927 829 3994 Gellis
845 3929 1071 4008 obtinerentur,
1095 3929 1149 3993 sod
1173 3948 1228 4013 po-

96 4024 178 4106 tius,
205 4038 238 4091 ut
251 4028 293 4091 ito
309 4028 423 4106 dicum,
448 4029 566 4095 exituss
592 4033 622 4095 in
639 4033 736 4097 sltem
751 4033 830 4095 eninr
846 4032 978 4115 partein
994 4032 1071 4095 colle
1086 4026 1228 4096 collocati

96 4126 281 4194 haesitantes
295 4131 328 4194 in
343 4131 450 4214 palude
466 4131 620 4198 Romanos
637 4154 774 4218 premere
790 4133 942 4199 uolebant.

181 4228 220 4294 C.
237 4230 331 4311 tot
353 4234 469 4313 oratio,
493 4258 552 4323 que
575 4234 811 4323 Vercingetorix
834 4237 1011 4321 proditionis
1033 4236 1131 4300 esuis
1152 4234 1231 4300 iusi·

95 4334 223 4397 mulotes
246 4350 280 4397 se
302 4336 454 4414 delendit,
478 4338 525 4401 tis
547 4339 649 4404 uerbis
671 4339 793 4424 incipit:
819 4336 921 4421 ‘Quod
943 4349 1044 4401 castra
1066 4336 1227 4413 mouisset,

95 4437 205 4500 fectum
221 4438 323 4521 inopie
337 4440 436 4522 pebnli
452 4440 539 4504 etiem
556 4442 629 4527 ipsis
646 4442 849 4520 horuntinus,
875 4441 953 4525 quod
975 4438 1098 4524 propius
1113 4436 1231 4503 Roma-

95 4558 152 4605 nos
167 4541 359 4619 accessisset,
377 4563 553 4625 persuasum
570 4542 629 4608 loci
644 4544 879 4627 opportunitate,
904 4543 953 4626 qni
968 4562 1002 4606 se
1017 4544 1114 4628 ipsum
1129 4542 1232 4607 mnni-

95 4642 179 4709 tione
200 4644 397 4710 detenderet’.
437 4642 496 4711 Ilie
515 4666 607 4711 unum
628 4645 733 4710 uitium
749 4646 867 4731 operuit
880 4645 1040 4731 Apitzius,
1062 4646 1141 4730 quod
1157 4652 1230 4710 aute
