2646 5124
468 595 780 667 cervum-25.
1182 601 1247 669 637

57 774 172 865 pressis
188 772 274 858 paeri
290 770 424 835 lacrimis
440 766 559 836 Caesar
572 772 637 857 ipse
652 785 817 838 commotus
833 774 992 868 celeriter,
1010 775 1037 837 si
1051 772 1103 839 illa
1118 796 1188 840 sen·

55 880 146 957 siret,
171 877 237 939 iore
260 896 328 939 enm
352 895 454 938 secum
477 874 637 940 adfirmans
653 877 689 939 ad
705 897 776 939 suos
792 877 913 940 dimisit.
946 874 1000 941 Ille
1016 888 1049 940 ut
1065 898 1107 941 ex
1121 898 1186 941 car
1202 876 1223 941 6

56 980 178 1047 ceribus
200 979 232 1043 in
254 977 380 1042 liberum
404 998 523 1041 cursum
541 979 669 1043 emissus
685 978 759 1043 adeo
776 990 881 1044 eontra
897 977 1059 1045 Caesarem
1076 978 1189 1043 acriter

56 1084 169 1150 bellurn
191 1100 297 1167 gerere
320 1081 438 1166 eoepit,
462 1093 494 1145 ut
514 1079 676 1159 lacrimas,
703 1102 777 1164 quas
793 1081 824 1145 in
840 1083 990 1167 colloquio
1006 1083 1185 1167 proiecerat,

16 1199 36 1253 Ι
60 1186 174 1273 gaudio
189 1184 341 1249 uideretur
355 1183 533 1269 profudisse.
556 1183 714 1248 Accidisse
731 1184 786 1247 hoc
802 1187 970 1269 complures
988 1183 1130 1250 Caesaris
1145 1184 1189 1248 le·
1203 1183 1225 1249 7

59 1288 137 1376 pati,
148 1287 247 1366 amici,
261 1287 457 1351 centuriones
473 1287 642 1371 militesque
657 1287 860 1366 laetabantur,
871 1289 949 1372 quod
965 1289 1055 1353 nimia
1070 1287 1189 1353 bouitas

60 1392 128 1458 eius
151 1388 279 1455 fallaciis
299 1390 385 1473 pueri
407 1389 493 1453 elusa
514 1400 608 1454 esset.
649 1387 744 1471 Quasi
767 1410 839 1454 uero
861 1392 890 1453 id
914 1386 1032 1456 Caesar
1054 1390 1189 1455 bonitate

62 1502 180 1559 tantum
196 1490 342 1555 adductus
357 1513 392 1557 ae
407 1513 469 1557 non
483 1492 716 1578 prudentissimo
732 1493 858 1557 consilio
869 1495 1002 1558 lecisset.
1027 1489 1105 1558 Com
1116 1494 1191 1558 duce
1205 1492 1248 1564 25

61 1597 220 1680 adsumpto
237 1593 437 1660 Alexandrini
458 1595 550 1660 nihilo
573 1615 606 1659 se
629 1596 777 1661 firmiores
800 1599 896 1661 iactos
919 1609 971 1660 aut
986 1596 1190 1680 languidiores

10 1710 37 1765 ,ο
60 1696 221 1764 Romanos
244 1696 518 1763 animaduerterent
539 1696 787 1782 eludentibusque
810 1699 952 1763 militibus
965 1700 1046 1783 regis
1061 1710 1190 1763 aemtem

62 1813 157 1885 atque
169 1800 371 1865 infirmitatem
385 1822 523 1888 magnum
541 1802 672 1866 dolorem
689 1803 859 1886 acciperent
873 1822 970 1884 neque
985 1823 1018 1866 se
1034 1803 1190 1886 quiequam

64 1905 212 1992 prolicere
226 1901 377 1983 uiderent,
387 1924 582 1989 maioresque
596 1905 776 1982 existerent,
786 1926 893 1990 magna
902 1900 1029 1968 Caesari
1039 1905 1190 1989 praesidia

64 2006 203 2072 terrestri
217 2007 345 2087 itinere,
365 2002 459 2093 Syria
473 2004 659 2092 Ciliciaque,
678 2007 802 2085 adduci,
820 2005 896 2090 quod
912 2005 1041 2070 nondum
1058 2007 1190 2071 auditum

65 2104 192 2175 Caesari
207 2121 291 2191 erat,
310 2122 527 2190 commeatum,
545 2111 594 2193 qui
610 2110 684 2174 mari
700 2111 812 2174 nostris
828 2107 1078 2194 subportabatur,
1094 2111 1190 2174 inter·

10 2224 40 2279 la
63 2210 165 2297 cipere
178 2223 361 2279 statuerunt.
391 2210 497 2298 Itaque
513 2213 662 2298 expeditis
678 2213 807 2295 nauigiis
821 2212 895 2275 locis
911 2212 1027 2276 idoneis
1043 2210 1078 2275 ad
1088 2207 1226 2276 Cano-2

63 2336 133 2400 pum
155 2315 188 2381 in
209 2316 340 2380 statione
361 2315 514 2401 dispositis
537 2316 664 2380 nauibus
680 2314 899 2378 insidiabantur
913 2314 1026 2378 nostris
1042 2334 1190 2378 commea·

64 2426 173 2505 tuque.
212 2414 301 2498 Quod
316 2417 366 2482 ubi
380 2413 505 2484 Caesari
523 2420 688 2483 nuntiatum
704 2428 770 2495 cst,
795 2438 878 2479 suam
896 2416 1023 2480 classem
1039 2414 1121 2479 iubet
1136 2415 1226 2480 ort-3

63 2519 163 2605 pediri
185 2530 275 2604 atque
297 2520 415 2587 instrui.
445 2520 589 2586 Praelicit
612 2520 678 2583 huic
693 2518 849 2584 Tiberium
864 2517 1034 2583 Neronem.
1064 2514 1192 2580 Profici-

64 2632 193 2687 senntnr
212 2622 245 2687 in
262 2643 297 2687 ea
313 2622 409 2689 alasse
424 2622 562 2690 Rhodiae
578 2645 671 2688 naues
688 2634 776 2707 atque
791 2623 821 2687 in
838 2623 883 2686 his
900 2620 1101 2708 Euphranor,
1125 2619 1192 2683 siue

10 2734 41 2791 to
63 2746 124 2811 quo
138 2724 220 2791 nulla
234 2747 372 2811 amquam
388 2728 541 2793 dimicatio
558 2728 727 2804 marituma,
743 2727 824 2790 nulla
840 2727 929 2790 etiam
945 2745 1048 2809 parum
1064 2722 1193 2787 feliciter

66 2829 206 2893 coniecta
220 2842 297 2894 erat.
329 2829 372 2896 Aa
388 2832 522 2911 fortuna,
540 2852 617 2915 quae
632 2831 805 2915 plerumque
821 2851 886 2907 eos,
901 2849 976 2913 quos
992 2826 1125 2913 plurimis
1141 2823 1228 2891 bed

65 2930 184 2996 nelioiis
200 2932 339 3010 ornauit,
365 2934 402 2997 ad
418 2934 568 2998 duriorem
585 2954 685 2997 casum
700 2945 856 3011 reseruat,
874 2932 1062 3017 superiorum
1079 2942 1192 3014 tempo-

64 3054 135 3098 rum
158 3033 311 3098 dissimilis
326 3032 558 3120 Euphranorem
579 3037 827 3122 prosequebatur.
858 3033 939 3099 Nam
956 3056 1022 3098 cnm
1038 3034 1075 3097 ad
1091 3029 1192 3097 Cano·
1206 3029 1227 3097 5

65 3158 136 3222 pum
156 3148 278 3201 uentum
301 3149 403 3213 esset,
425 3139 630 3222 instructaque
646 3142 794 3224 utrimque
810 3138 916 3203 classis
933 3137 1140 3214 conflixisset,
1163 3147 1194 3200 et

10 3250 41 3303 ts
65 3259 121 3304 sna
146 3240 363 3305 consuetudine
378 3238 559 3325 Euphranor
583 3243 694 3325 primus
717 3242 862 3326 proelium
878 3239 1077 3303 commisisset
1092 3248 1122 3300 et
1137 3237 1192 3299 tri·

64 3362 181 3407 remem
203 3342 333 3407 bostium
347 3345 534 3428 perforasset
548 3364 584 3407 ac
598 3343 809 3421 demersisset,
832 3342 999 3428 proximam
1014 3339 1132 3422 lougius
1148 3338 1193 3400 in·

66 3455 191 3509 secutus
214 3466 319 3531 parum
348 3447 488 3511 celeriter
516 3446 743 3531 insequentibus
765 3445 887 3527 reliquis
910 3443 1132 3506 circumuentus
1155 3439 1192 3502 ab

65 3547 285 3613 Alexandrinis
301 3560 359 3614 est.
391 3546 451 3614 Coi
466 3548 631 3614 subsidium
647 3570 735 3613 nemo
751 3548 830 3625 tulit,
847 3547 912 3610 siae
928 3546 1004 3630 quod
1018 3542 1049 3606 in
1065 3542 1131 3627 ipso
1144 3563 1192 3605 sa·
1206 3538 1229 3605 6

66 3649 108 3715 tis
131 3650 273 3735 praesidii
284 3672 338 3737 pro
353 3652 465 3718 uirtute
481 3674 516 3717 ao
532 3653 675 3717 felicitate
691 3652 755 3716 eius
770 3660 910 3736 putarent
925 3670 1011 3728 esse,
1035 3646 1101 3711 siue
1116 3645 1193 3729 quod

175 3910 345 3963 laddrmana
358 3928 385 3964 o.
515 3916 529 3966 t
544 3914 674 3981 tacrynms
688 3912 739 3978 (a).
879 3912 894 3964 l
908 3910 1043 3977 adsumpto
1056 3925 1082 3960 a.

67 3984 101 4038 10
113 3985 287 4039 aduerterent
298 3991 368 4041 obe.
494 3990 522 4042 ll
539 3991 675 4056 quicquam
688 4006 716 4056 a,
730 4005 783 4042 noa
796 3989 885 4055 qnidq.
1005 3988 1036 4039 ll
1050 3987 1195 4037 existerent

66 4063 119 4129 (a).
229 4063 365 4118 Caesare.
473 4067 504 4118 13
518 4066 644 4134 Cyliaque
657 4082 685 4118 a.
796 4066 912 4115 anditum
926 4065 1195 4116 Caesario‘msa.et

65 4139 127 4192 aar.
142 4140 229 4207 qaid),
244 4140 350 4194 Caesari
363 4143 479 4194 anditum
493 4143 582 4195 Addua
595 4159 622 4193 u.
743 4143 774 4194 ll
787 4141 853 4193 marl
865 4142 962 4192 nostris
975 4157 991 4191 n
1007 4142 1079 4191 ‘maa
1094 4146 1121 4191 et
1133 4140 1194 4193 aaa.

66 4219 153 4285 qdd.',
167 4221 265 4272 nostris
278 4223 378 4273 marin.
519 4217 754 4287 subportabaturo.
883 4217 913 4269 lb
927 4226 1121 4283 commeatuque
1133 4235 1192 4285 ego,

67 4306 213 4350 commeato
227 4300 308 4363 obe,·
321 4298 508 4351 commeatibus
522 4313 550 4346 u.
566 4296 597 4348 P.
615 4295 672 4347 193.
814 4293 846 4346 17
859 4310 1010 4361 mamogo,
1025 4312 1101 4348 uuam
1114 4299 1194 4361 nbc,-

67 4388 165 4425 ormu.
284 4375 468 4445 ltt'l'pberium
483 4391 508 4440 a,
524 4373 583 4425 Tib.
597 4388 625 4422 u.
736 4371 770 4423 20
783 4386 902 4438 umquam
916 4389 943 4437 n,
958 4389 1010 4423 aon
1024 4390 1084 4441 unq.

67 4452 219 4516 (marituma
231 4469 249 4505 o
258 4454 282 4521 e)
298 4456 398 4507 marina
408 4458 432 4507 h.
536 4454 569 4507 23
584 4449 788 4519 prosequebatur
799 4451 885 4517 (10⁰²
898 4452 978 4517 deth,
993 4454 1196 4521 persequebatur

70 4531 209 4599 ‘reliqui’.
321 4536 355 4591 2⁴
368 4536 497 4600 utrimque
511 4549 537 4597 a,
553 4547 606 4583 aon
619 4531 748 4595 utrinque.
853 4533 939 4585 classe
949 4533 973 4583 b.
1079 4532 1197 4587 lita-ire-

68 4629 137 4665 mem
150 4629 210 4680 ego,
225 4614 266 4665 itti
280 4615 496 4677 trirememahc,·
511 4610 743 4669 illictrirememu.
759 4607 791 4660 Ρ.
802 4609 860 4661 lbi.
970 4611 1003 4668 ld
1017 4609 1197 4678 perioraaaeot

68 4708 101 4745 ae
115 4692 306 4746 dememiaaent
317 4708 334 4745 o
344 4694 390 4745 he.
494 4692 529 4747 28
542 4697 583 4743 eet
594 4703 647 4741 om.
661 4703 689 4739 a.
