2646 5124
503 314 825 383 —209-

88 498 239 573 gesturus
261 487 392 564 luisset,
415 488 486 571 quid
509 498 595 565 erat,
620 490 695 573 qood
711 489 853 557 Afrorum
876 494 1007 561 lacrimis
1028 502 1232 586 querellisque

90 602 264 657 commotus
280 590 460 655 uideretur?
497 590 589 675 Atqui
605 592 637 655 in
651 590 725 657 Per.
741 615 805 659 sec.
822 594 911 661 Leid.
929 620 975 683 pr.
994 597 1078 667 Scal.
1096 602 1171 667 ltnec
1186 606 1231 669 le·

90 704 217 779 guntnrs
239 701 322 759 ‘curu
331 704 421 758 untea
429 676 637 757 constituisset
653 716 669 759 e
684 698 803 761 statiuis
819 700 948 763 costris'.
966 699 1050 765 llaec
1064 704 1228 789 scriptore,

92 818 159 863 cunr
175 798 256 861 nilsil
269 797 434 871 adiciatur,
459 796 536 878 quod
551 798 744 861 constituerit
759 795 894 879 Caesar,
919 806 1061 885 quaedam
1076 808 1229 872 excidisse

92 902 168 965 setis
185 899 365 963 luculenter
380 899 574 963 demonstrat.
612 897 644 963 ls
659 902 794 964 delectus
809 904 840 965 irr
856 904 935 968 lrurrc
949 906 1014 970 lere
1029 908 1144 972 modurn
1160 931 1230 995 sup·

94 1002 219 1087 plendus
245 1014 314 1066 est:
348 998 503 1084 ‘Quorum
531 1001 661 1067 lacrimis
684 1005 882 1087 querellisque
907 1002 1024 1071 Caesar
1052 1020 1229 1090 commotus,

95 1126 164 1169 euru
176 1114 270 1169 antea
286 1104 502 1167 constituisset
522 1124 541 1167 e
561 1105 681 1169 statiuis
702 1108 812 1169 cestris
829 1118 945 1171 aestate
959 1109 1035 1173 inita
1048 1112 1167 1176 cunctis
1182 1134 1232 1176 co·

96 1207 460 1292 piisausiliisqueeecitis
474 1206 584 1270 delium
594 1230 724 1293 gerere,
742 1211 817 1284 iore,
831 1211 964 1274 simelae
978 1212 1133 1277 secundus
1147 1236 1231 1279 eors-

97 1322 216 1376 mins
232 1310 427 1389 odueedset,
451 1307 560 1372 bellum
583 1330 649 1373 curn
669 1310 738 1374 suis
753 1310 936 1376 aduersariis
955 1334 1064 1397 gerere
1078 1316 1232 1383 instituit'.

99 1410 162 1477 flac
177 1414 301 1477 ratione
316 1422 367 1489 et,
384 1432 440 1475 eur
454 1410 623 1475 oberratum
639 1414 698 1489 sit,
724 1423 866 1496 apparet,
890 1425 1041 1479 eteorum
1057 1418 1232 1495 uerborum,

101 1536 176 1601 quse
191 1516 393 1592 exciderunt,
419 1513 496 1576 hanc
511 1514 605 1579 luisse
619 1516 819 1589 sententiam,
844 1536 930 1597 quam
946 1518 1051 1601 posui,
1076 1522 1235 1603 sequentia

101 1620 327 1685 demonstrant:
347 1616 531 1699 ‘litterisque
544 1616 687 1681 celeriter
701 1618 733 1680 in
750 1614 884 1681 Siciliam
901 1620 1029 1705 [missis]
1045 1623 1233 1688 addlienour

103 1732 133 1787 et
144 1720 305 1788 Rabirium
319 1717 498 1784 Postumum
520 1719 700 1801 conscriptis
717 1720 776 1804 [et]
793 1740 846 1803 per
859 1734 1049 1808 catascopum
1065 1726 1174 1803 mittit,
1199 1737 1234 1790 ut

103 1825 166 1889 siue
181 1846 269 1889 rnorn
284 1846 321 1889 ne
337 1822 417 1887 nrrlle
433 1822 631 1886 excusatione
654 1821 760 1886 hiemis
775 1832 991 1906 uentorumque
1000 1847 1093 1908 'quam
1106 1827 1233 1893 celerri-

103 1948 150 1993 me
167 1928 327 1991 exercitus
341 1924 397 1989 siti
413 1922 683 2009 transportaretur'
699 1934 771 1987 cett.
796 1922 843 1988 lta
859 1926 937 1988 enim
954 1927 1027 1990 haec
1042 1928 1073 1991 in
1081 1926 1153 1992 Par.
1166 1951 1231 1995 see.

106 2026 196 2093 Leid.
209 2050 260 2113 pr.
278 2024 359 2091 Seel.
374 2028 485 2113 scripta
500 2037 590 2106 sunt,
616 2048 693 2111 quae
715 2026 820 2090 deletis
842 2027 879 2091 iis
903 2027 1024 2106 uerbis,
1051 2051 1127 2111 quae
1147 2032 1235 2096 oncis

106 2130 344 2214 circumscripsi,
359 2131 527 2195 rectissime
542 2129 664 2194 hebent.
697 2127 798 2213 Vulgo
816 2130 952 2193 ‘missis’
976 2131 1126 2194 omittitur
1140 2143 1172 2195 et
1186 2134 1237 2197 de·

107 2233 177 2299 iude
201 2240 251 2297 ‘et
264 2252 319 2319 per
332 2245 521 2318 eatnscopum
536 2232 654 2297 missis’
675 2232 814 2317 ponitur,
839 2254 897 2314 quo
913 2234 993 2297 lacto
1009 2237 1107 2297 oratio
1122 2234 1235 2298 exitum

109 2358 164 2401 non
179 2337 311 2401 inuenit.
343 2332 513 2401 Secundum
529 2347 629 2400 autem
645 2346 841 2399 commeatum
864 2347 1044 2419 expectasse
1059 2331 1235 2416 Caesarem,

108 2450 139 2505 ut
149 2460 215 2507 reru
230 2449 367 2527 gereret,
383 2440 474 2503 etiam
489 2460 529 2503 ex
544 2459 572 2501 e.
590 2436 652 2515 31,
668 2436 690 2501 ll
705 2438 903 2524 perspicitur:
933 2435 1057 2521 ‘ltaque
1072 2440 1237 2505 coustitue-

110 2553 155 2609 rat
168 2542 295 2628 gloriam
311 2542 590 2624 exultationemqne
611 2561 714 2604 eorum
739 2541 817 2624 pati,
843 2540 938 2604 donec
953 2541 1010 2604 sibi
1025 2552 1235 2607 ueteranarum

111 2644 256 2731 legionum
273 2666 345 2731 pers
361 2646 461 2729 alique
476 2644 507 2707 in
523 2644 655 2708 secundo
670 2654 835 2708 commeatu
852 2643 1053 2709 occurrisset’.
1091 2645 1134 2711 Et
1154 2656 1236 2732 post·

110 2768 190 2831 mam
213 2749 368 2814 secundus
391 2758 573 2811 commeatus
589 2747 722 2825 aduenit,
744 2766 865 2811 reuera
882 2742 1046 2813 Caesarem
1063 2769 1103 2813 ex
1118 2750 1237 2815 statiuis

111 2855 213 2919 cestris
229 2852 374 2938 progredi
389 2851 522 2915 uidemus
537 2852 580 2933 (o.
596 2848 649 2929 37,
669 2847 715 2924 1).

190 2954 287 3021 luitio
303 2976 331 3018 o.
349 2952 392 3017 29
407 2954 480 3017 haee
496 2954 653 3036 leguntur:
682 2952 830 3015 ‘Turmae
852 2952 971 3015 interim
987 2956 1138 3036 equitum,
1160 2976 1241 3037 quae

113 3080 159 3144 pro
174 3060 260 3126 uallo
276 3059 310 3122 iu
324 3057 506 3123 stationibus
522 3076 589 3121 esse
604 3054 745 3120 solebant
759 3053 795 3117 ab
811 3054 947 3136 utrisque
963 3056 1107 3132 ducibus,
1130 3056 1242 3121 cotidie

112 3163 232 3229 niuutis
246 3160 371 3245 proeliis
386 3161 467 3224 inter
480 3180 514 3223 se
536 3161 708 3243 depugnare
724 3177 785 3221 nou
800 3156 1025 3221 intermittunt’.
1059 3155 1161 3223 Veron
1185 3158 1242 3223 ‘alr

111 3266 249 3348 utrisque
263 3261 407 3328 ducibus'
422 3258 568 3325 Dauisius
583 3259 789 3346 superioribus
816 3260 865 3323 ‘in
882 3260 1063 3325 stationibus
1079 3280 1147 3325 esse
1162 3260 1241 3327 sole·

112 3364 190 3433 lsat'
206 3367 398 3451 adiungenda
414 3366 579 3429 contendit.
609 3362 690 3428 Nam
701 3359 856 3427 Clarkium
872 3363 939 3445 quis
955 3362 1056 3427 andint
1068 3364 1179 3429 iunctis
1196 3364 1241 3428 lris

112 3488 173 3535 eum
195 3470 428 3551 insequentibus
445 3467 544 3531 uerbis
567 3466 801 3550 subintellegere
816 3464 967 3529 iubentem
984 3466 1057 3530 haec
1072 3488 1183 3552 pancas
1210 3475 1240 3529 ‘e

112 3574 217 3639 murts
232 3572 399 3637 ernissae'i
429 3568 544 3635 Verum
559 3592 597 3634 ne
615 3567 732 3633 [inuisi
747 3568 865 3651 quidem
881 3568 958 3631 ratio
974 3580 1056 3632 recta
1070 3582 1129 3635 est.
1160 3568 1243 3634 Nam

115 3675 275 3741 terunciu
291 3674 421 3739 statione
438 3694 506 3738 esse
521 3671 558 3736 ab
575 3674 708 3754 utrisque
723 3671 846 3735 ducibus
855 3671 941 3754 plane
956 3671 1125 3736 insolenter
1140 3672 1243 3734 dicun·

114 3786 166 3843 ter.
184 3774 267 3842 Mihi
285 3797 345 3840 non
361 3776 482 3840 dubium
497 3786 556 3855 est,
574 3776 645 3859 quin
660 3772 754 3837 uerba
770 3771 820 3835 ‘ab
835 3773 970 3855 utrisque
985 3772 1119 3838 ducibus'
1136 3792 1243 3836 errore

116 3880 158 3945 tte
170 3878 306 3966 repetite
321 3880 384 3943 siut
399 3900 438 3943 err
455 3878 539 3941 initio
555 3877 720 3963 superioris
736 3896 800 3959 cap.
818 3876 905 3939 ‘dum
929 3876 1001 3941 hoec
1022 3878 1060 3940 nd
1075 3873 1244 3959 Ruspinam

117 3984 296 4067 elutrisque
303 3982 429 4046 ducibus
437 3981 707 4046 administrantnr'.
726 3977 900 4043 Verisimile
915 3990 959 4041 est
973 3979 1051 4043 enirn
1063 3978 1138 4041 baec
1151 3974 1245 4039 uerba

119 4084 145 4149 is
159 4086 257 4151 altera
273 4084 382 4169 pagina
398 4104 416 4148 e
430 4085 556 4170 regione
570 4086 687 4148 illorum
703 4082 797 4145 luisse
811 4082 921 4165 posita.

199 4184 324 4253 luitiunr
347 4208 375 4250 c.
392 4185 434 4251 31
457 4187 500 4251 ita
516 4189 572 4252 luit
587 4185 819 4252 emendandum:
847 4178 983 4263 ‘Quibus
1002 4182 1094 4246 rebus
1118 4178 1249 4262 cognitis

123 4284 234 4355 Caesar
248 4289 332 4353 iubet
347 4288 476 4367 milites,
503 4290 552 4374 qui
568 4300 655 4354 extra
672 4288 855 4351 munitiones
871 4295 1087 4370 processerant
1109 4278 1248 4364 [quique]

123 4390 277 4473 pabulandi
311 4401 364 4456 ant
384 4392 517 4477 lignandi
534 4412 632 4457 causa
652 4400 706 4455 cut
728 4390 819 4454 etiem
841 4387 994 4452 muniendi
1019 4384 1117 4467 gratia
1139 4380 1252 4443 uallum

148 4492 242 4547 eseam,
256 4492 291 4537 ea.
308 4492 418 4551 rtrppsau.
1003 4486 1044 4549 ¹4
