2646 5124
490 593 792 659 ...47-

12 764 18 801 .·
89 781 128 825 nn
140 759 420 825 commentariorum
435 761 495 825 soli
509 761 677 847 interpolati
702 780 901 852 supererant3
931 794 1004 837 casu
1034 788 1136 843 autem
1159 786 1204 851 rs-

81 875 151 928 ctum
163 875 228 949 est,
246 873 282 927 nt
295 864 335 941 is,
351 863 405 946 qui
421 865 553 929 codicem
568 866 751 932 deteriorum
768 870 931 956 principem
947 877 1079 961 scripsit,
1097 902 1202 951 exem.

72 968 132 1051 plar
151 976 224 1030 octo
246 965 393 1031 librorum
416 967 454 1030 de
475 967 554 1033 bello
575 964 694 1035 Gallico
717 966 946 1039 nancisceretur
968 989 999 1041 et
1019 992 1123 1064 postca
1148 987 1200 1051 de·

66 1090 153 1146 num,
170 1090 262 1153 qnam
285 1090 340 1133 cos
362 1068 584 1153 descripserat,
608 1072 736 1135 alterum
759 1076 890 1139 omnium
913 1085 1197 1151 commentariorum

63 1170 190 1255 indeque
206 1192 298 1235 suum
313 1172 515 1257 apographum
531 1172 694 1258 suppleret.
739 1172 812 1237 Non
829 1188 900 1241 sunt
914 1190 1013 1245 autem
1031 1183 1058 1248 hi
1075 1189 1195 1254 codices

61 1276 163 1339 onn'es
179 1273 320 1337 eiusdem
336 1273 477 1359 generis,
500 1274 553 1338 sed
577 1278 721 1340 hactenus
736 1276 898 1354 differunt,
921 1283 999 1364 quod
1021 1285 1071 1349 alii
1094 1289 1195 1355 aliis.

60 1376 189 1445 librariis
207 1376 309 1460 magis
324 1386 395 1440 sunt
410 1375 565 1460 deprauati
579 1388 610 1441 et
622 1399 677 1461 pru
688 1376 800 1443 iudicio
815 1380 1051 1467 uniuscuiusque
1065 1388 1096 1451 in
1110 1389 1195 1457 libris

60 1479 188 1543 debello
204 1476 346 1555 Gallico,
364 1500 431 1543 curn
447 1479 657 1563 interpolatum
674 1479 808 1543 codicem
825 1492 930 1547 nactus
945 1496 1047 1565 esset,
1065 1494 1195 1557 correcti

59 1590 144 1665 atquc
158 1580 310 1665 suppleti,
329 1580 371 1644 ita
386 1590 420 1643 ut
433 1580 587 1658 nonnulli,
610 1582 694 1645 uelut
708 1578 892 1647 Dresdcnsis
907 1584 1018 1668 primus
1034 1599 1066 1655 et
1080 1590 1196 1657 Vindo-

59 1682 202 1749 loncnsis
217 1682 392 1757 wenndus,
415 1681 467 1764 qui
488 1693 558 1747 sunt
580 1702 622 1746 ex
645 1683 749 1747 eodem
765 1684 868 1748 codiee
883 1687 1044 1774 descripti,
1067 1713 1140 1759 raro
1155 1695 1193 1761 st·

60 1783 183 1872 integris
199 1785 374 1861 discedant,
393 1783 456 1862 alii,
473 1794 507 1847 ut
522 1783 681 1849 Gothunus
698 1786 829 1868 primus,
855 1789 919 1852 fere
939 1793 1020 1854 omni
1043 1814 1083 1859 cx
1106 1808 1193 1881 parte

60 1886 311 1972 interpolatorum
337 1885 450 1949 similes
472 1887 542 1950 sint.
577 1887 745 1952 Admodum
761 1888 792 1951 in
809 1890 863 1954 hac
878 1911 911 1955 re
927 1895 1128 1962 memorabilis
1144 1909 1192 1963 est

61 1985 246 2061 l’ctauianns
262 1988 374 2063 codex,
392 1989 441 2071 qui
457 1989 588 2053 inlibris
605 1991 640 2054 de
660 1989 690 2052 b.
709 1989 790 2055 Gall.
804 2037 813 2068 ,
837 2012 906 2054 cnm
919 2011 958 2055 ex
975 1995 1126 2062 deteriore
1141 2020 1193 2063 eo·

61 2092 120 2155 lice
142 2093 223 2155 satis
254 2092 377 2172 integro
406 2091 573 2176 descriptus
595 2091 655 2168 sit,
687 2093 861 2157 asecunda
885 2116 974 2157 manu
998 2118 1103 2163 omnes
1127 2104 1191 2167 lere

62 2194 277 2279 discrepantias
308 2193 555 2279 interpolatorum
583 2194 717 2257 codicum
745 2195 894 2279 ascriptos
916 2196 1016 2262 habet.
1054 2198 1123 2265 Duo
1139 2225 1189 2267 co-

65 2294 157 2372 dices,
173 2296 223 2379 qni
237 2306 355 2381 septem
371 2296 600 2359 commentarios
616 2297 653 2358 de
668 2295 697 2358 lt.
710 2294 791 2360 Gall.
810 2298 979 2375 continent,
998 2298 1189 2369 Dukerinuus

65 2395 345 2463 etVindoltonensis
357 2418 465 2472 nonus,
483 2397 740 2483 deprauatissimis
753 2399 841 2463 lruius
861 2400 955 2483 partis
976 2401 1189 2470 adnumerandi

63 2510 146 2563 sunt:
178 2520 277 2584 neque
304 2511 387 2565 certe
409 2500 561 2565 meliorem
584 2500 704 2577 hebuit,
738 2502 787 2585 qui
811 2502 932 2565 eosdem
957 2502 1051 2568 libros
1073 2503 1189 2574 Graece

63 2605 170 2678 uertit,
196 2624 283 2688 quem
306 2600 509 2667 Schneiderus
532 2604 635 2667 nescio
666 2624 724 2687 quo
753 2604 819 2668 iure
846 2604 994 2689 impresso
1024 2611 1188 2694 exemplari

63 2726 144 2770 nsum
164 2706 312 2770 adirmat.
358 2702 433 2769 ltem
457 2702 622 2769 Petrarclta
649 2705 681 2769 in
714 2706 839 2771 historia
862 2702 1008 2772 Caesaris
1030 2711 1187 2778 admodum

61 2809 165 2873 nalum
197 2808 332 2873 codicem
361 2808 491 2873 omniurn
522 2807 806 2873 commentariorum
842 2812 1007 2894 expressit.
1060 2813 1102 2880 lli
1130 2817 1186 2903 igi.

62 2921 108 2976 tur
126 2912 271 2995 codices,
293 2932 362 2976 cnm
385 2921 417 2974 et
430 2909 620 2975 librariorum
635 2909 747 2974 iudicio
762 2921 794 2975 et
808 2910 913 2978 mixtis
929 2916 1085 3001 utriusque
1100 2921 1187 2984 tamt.

61 3012 114 3078 liae
128 3012 294 3098 scripturis
310 3012 507 3079 adulteratum
522 3012 886 3095 testimoniumallerant,
912 3028 974 3084 tum
1000 3019 1116 3084 demum
1132 3044 1187 3087 au·

62 3116 158 3182 diendi
173 3124 268 3193 sunt,
290 3136 357 3179 eum
372 3134 521 3181 consensu
536 3115 668 3180 omniun
683 3127 736 3181 aut
751 3117 815 3180 iero
830 3120 980 3198 omnium,
1004 3123 1074 3204 quid
1088 3124 1121 3187 in
1135 3146 1188 3189 oo·

61 3218 121 3284 dice
137 3238 250 3283 corn·
265 3217 397 3302 principe
412 3218 553 3302 scriptum
569 3218 674 3295 fuerit,
691 3219 873 3283 ostenditur.
910 3220 992 3285 Nam
1007 3244 1074 3286 enm
1090 3246 1188 3307 neque

61 3320 181 3408 integer
194 3322 312 3399 codex,
329 3321 515 3387 undoutros
530 3319 660 3384 debello
677 3315 795 3382 Gallico
811 3320 976 3404 descriptos
992 3323 1119 3402 habent,
1136 3346 1190 3390 no·

63 3444 118 3507 qne
131 3422 353 3509 interpolatus,
371 3444 412 3489 ex
426 3444 485 3507 quo
500 3423 531 3487 in
545 3421 671 3505 reliquis
687 3422 912 3485 commentariis
929 3424 1009 3487 ducti
1024 3435 1113 3505 sunt,
1137 3449 1190 3493 su·

63 3527 166 3611 percit,
185 3548 260 3591 uera
275 3526 417 3608 quaedam
434 3536 651 3602 seruauerunt,
676 3544 752 3606 quae
774 3523 806 3587 iu
822 3523 949 3609 integris
965 3536 995 3591 ct
1009 3528 1040 3592 in
1054 3529 1188 3616 interpo-

63 3628 128 3695 latis
142 3640 198 3693 aut
218 3628 358 3693 omnibns
380 3639 432 3692 eut
454 3626 623 3713 plerisque,
647 3648 721 3709 qnos
744 3626 899 3706 habemus,
916 3628 1084 3698 oblitterata
1101 3646 1184 3700 sunt.

63 3728 106 3795 lta
120 3733 159 3796 dc
174 3732 206 3795 b.
224 3728 308 3795 Gall.
326 3728 359 3809 l,
380 3730 440 3808 39,
457 3731 490 3809 2,
508 3750 594 3812 quem
611 3728 706 3791 locum
723 3749 814 3814 supra
829 3731 886 3795 iam
903 3753 933 3815 p.
950 3732 988 3797 il
1008 3758 1188 3802 commemo-

63 3834 138 3913 raui,
155 3856 227 3897 cnm
243 3832 333 3918 llgm.
351 3845 382 3898 et
399 3831 486 3899 Vrat.
505 3854 551 3916 pr.
568 3843 652 3895 recte
667 3833 741 3895 haee
756 3833 866 3896 liabent
882 3836 951 3918 ‘qui
967 3856 1009 3899 ex
1024 3839 1098 3901 urbe
1113 3838 1188 3901 nmi-

64 3936 151 4001 citiae
174 3957 271 3999 musa
293 3931 457 4001 Caesarem
479 3934 576 3999 secuti
599 3954 660 3997 non
681 3954 818 4018 magnum
843 3936 874 3999 in
897 3957 931 4000 re
954 3938 1075 4002 militari
1099 3960 1187 4003 usum

65 4037 221 4102 dolebant'
238 4037 359 4103 omissis
374 4039 429 4116 iis,
452 4057 528 4121 quae
544 4037 575 4100 in
590 4035 714 4119 reliquis
729 4037 857 4122 integris
874 4049 905 4103 et
920 4038 1109 4124 interpolatis
1124 4041 1188 4104 adi·

66 4142 196 4216 cinntnr,
215 4141 288 4204 item
305 4137 345 4216 ll,
365 4139 417 4218 17,
435 4141 456 4203 t
473 4147 519 4203 ‘ut
532 4139 632 4203 instar
642 4138 719 4203 muri
735 4140 791 4205 lrae
803 4161 891 4224 sepes
904 4142 1089 4205 munimenta
1101 4163 1189 4226 prae-

66 4241 191 4321 lercnt',
208 4262 277 4306 eum
291 4243 323 4306 in
339 4242 465 4327 integris
482 4240 706 4307 ‘munimentis’
721 4242 864 4325 scriptum
881 4242 932 4319 sit,
950 4242 981 4307 in
996 4244 1188 4328 interpolatis

69 4346 318 4422 ‘unnimmmn',
335 4345 413 4427 quod
428 4364 489 4408 non
503 4354 586 4409 rcoto
599 4364 618 4407 n
633 4340 822 4415 Schneidero
837 4345 1001 4429 praelatum
1019 4356 1077 4409 est.
1107 4344 1189 4409 Nam

69 4465 169 4533 sepes,
192 4468 272 4532 qnae
295 4456 360 4511 tota
372 4444 561 4512 Neruiorum
581 4455 664 4511 terra
685 4456 793 4525 erant,
818 4448 993 4513 necessario
1016 4447 1103 4531 plura
1125 4468 1190 4511 mn·

71 4550 197 4616 nimenta
219 4550 369 4637 praebere
390 4550 514 4615 dicenda
529 4558 629 4628 crant,
646 4548 837 4615 luceantem
851 4568 903 4615 res
919 4570 981 4613 non
995 4547 1189 4633 impediebat,

70 4671 125 4734 qno
131 4654 231 4720 minus
244 4653 368 4741 singula
380 4674 468 4720 muro
482 4660 743 4738 compcmrcntar.
759 4647 991 4717 Memorabilina
1006 4649 1038 4713 in
1053 4646 1138 4711 libris
1152 4646 1191 4712 dc
