2646 5124
348 614 664 686 CssbllellCAl’.
681 616 835 687 ut-tu.
1180 624 1244 695 593

10 680 88 861 N
103 794 203 859 locum
219 792 379 877 produn-it,
396 792 422 854 ni
437 787 599 874 Pompeius
614 792 730 876 proelio
744 793 898 859 decertare
914 794 1021 872 uellet,
1039 805 1072 859 ot
1086 817 1181 879 paene

95 898 173 981 stris·
184 892 308 978 Pompei
330 894 465 977 legiones
488 893 663 973 subiceretq
688 905 864 978 tantumque
880 917 897 960 a
913 898 993 961 uallo
1008 897 1073 961 eius
1089 901 1182 982 prima
1285 896 1299 943 t

58 1001 141 1065 acies
156 998 272 1077 aberut,
283 997 327 1060 uti
342 1017 381 1061 ne
396 998 457 1062 telo
473 1007 661 1062 tormentoue
676 999 752 1062 aulici
766 1010 880 1082 posset.
896 997 1057 1083 Pompeius
1068 1012 1179 1080 autem,
1195 1002 1218 1067 2

59 1114 93 1167 ut
115 1104 222 1165 lamam
238 1099 468 1185 opinionemque
484 1100 634 1164 bominum
650 1110 784 1179 teneret,
808 1102 852 1165 sic
867 1121 921 1184 pro
937 1103 1047 1167 castris
1061 1106 1181 1168 exerui-

21 1217 39 1270 t
62 1217 125 1269 tum
140 1203 354 1279 constituebat,
366 1213 399 1266 ut
415 1203 503 1265 tertia
517 1203 600 1266 ecies
616 1204 724 1267 uullum
739 1205 940 1288 contingeret,
951 1205 1048 1270 omnis
1064 1207 1180 1288 quidem

56 1308 221 1372 instructus
243 1305 400 1371 exereitus
422 1304 490 1367 telis
513 1324 555 1368 ex
578 1305 658 1368 uullo
672 1305 799 1369 obiectis
814 1307 931 1390 protegi
947 1319 1060 1390 posset.
1094 1308 1179 1375 llaec
1193 1310 1238 1381 57

58 1432 125 1475 oum
141 1410 172 1474 in
180 1408 298 1472 Aulula
314 1418 402 1489 utque
416 1407 492 1491 apud
509 1405 730 1491 Dyrrhachium
746 1419 938 1489 gererentur,
951 1407 1182 1494 Scipionemque

58 1512 90 1576 iu
100 1510 309 1575 blucedoniam
325 1510 447 1574 uenisse
461 1520 627 1587 constaret,
639 1530 699 1572 nou
713 1510 824 1574 oblitus
835 1512 952 1595 pristini
964 1512 1093 1577 instituti
1103 1508 1183 1577 Cae·

58 1634 112 1680 ιιι
126 1613 217 1677 mittit
231 1614 268 1677 atl
284 1634 351 1677 eum
366 1612 414 1676 A.
425 1608 577 1689 Clodium,
594 1633 680 1676 nuum
695 1624 785 1696 atque
798 1614 879 1677 illius
895 1614 1083 1693 familiarem,
1095 1635 1181 1698 quem

10 1726 36 1782 u
57 1716 97 1782 ab
118 1716 172 1779 illo
196 1716 335 1779 traditum
350 1714 437 1779 initio
452 1725 484 1779 et
500 1715 738 1779 commendatum
753 1717 785 1779 in
800 1736 923 1780 suorum
939 1718 1180 1782 necessariorum

59 1838 186 1883 numero
202 1817 313 1882 babere
326 1817 507 1881 institueret.
533 1816 680 1883 liniebat
694 1819 811 1881 litteras
825 1818 1023 1902 mandataque
1039 1822 1076 1885 ud
1091 1841 1178 1900 eumq
1195 1821 1217 1886 2

59 1941 185 2005 quorum
201 1920 276 1984 baec
290 1931 357 1985 emt
371 1942 505 1984 summac
523 1916 600 1985 Sene
616 1920 715 1985 onrnin
731 1920 767 1984 de
784 1941 856 2004 paee
869 1933 1028 2006 expertum
1045 1923 1116 1987 nibil
1129 1925 1181 1988 nd-

59 2021 118 2088 buc
136 2021 278 2087 arbitrari
294 2024 370 2087 uitio
386 2025 497 2087 luctum
512 2044 635 2102 eorum,
659 2044 735 2108 quos
749 2043 818 2087 esse
833 2036 971 2089 auctores
986 2026 1051 2088 eius
1067 2027 1110 2089 rei
1126 2047 1181 2090 uo-

60 2124 177 2203 luisset,
188 2127 267 2209 quoi
282 2146 339 2191 nun
353 2127 492 2191 mandute
506 2128 640 2210 perferre
651 2148 709 2189 nou
723 2137 890 2210 opportuno
902 2138 1035 2210 tempure
1044 2126 1180 2193 sthom·

10 2238 37 2291 ts
58 2228 157 2314 poium
177 2239 369 2293 ueneremur.
402 2224 573 2313 Scipionem
594 2250 629 2293 ea
646 2248 715 2295 esse
738 2228 936 2305 auctoritate,
960 2238 1066 2293 utnon
1083 2231 1214 2295 oolum3

56 2330 153 2395 libere
175 2352 254 2414 quse
273 2331 427 2415 probasset
449 2352 621 2416 exponere,
645 2331 804 2394 sedetiam
820 2350 861 2392 ex
875 2350 984 2411 magne
999 2342 1084 2414 parte
1100 2355 1180 2396 com·

58 2433 176 2517 pellere
189 2444 280 2516 stque
294 2445 443 2498 errantem
459 2454 567 2516 regere
583 2445 703 2517 possets
716 2450 857 2517 praeesse
872 2442 972 2496 autem
988 2453 1044 2495 suo
1060 2434 1181 2497 nomine

57 2534 222 2609 exercitui,
234 2546 267 2598 nt
282 2546 401 2620 praeter
415 2538 623 2601 auctoritatem
640 2536 722 2600 uires
738 2556 856 2619 quoque
869 2535 907 2598 nd
919 2534 1116 2597 coercendum
1128 2536 1181 2599 ba·

57 2636 156 2701 beret.
181 2632 309 2719 Quodsi
326 2640 465 2717 lecisset,
483 2641 612 2723 quictem
629 2637 745 2717 ltaliae,
762 2656 864 2722 pacem
881 2636 1115 2720 prouinciarum,
1132 2638 1218 2703 sas-i

10 2748 35 2803 ts
58 2740 150 2805 lutesu
171 2741 287 2825 imperii
308 2742 359 2805 uui
380 2763 486 2806 omnen
501 2752 652 2825 acceptum
669 2743 830 2807 relaturos.
863 2738 946 2803 llaec
961 2739 998 2803 ud
1013 2759 1081 2803 eum
1096 2738 1215 2804 mnu-5

58 2842 131 2907 tlsts
145 2838 270 2908 Clotlius
285 2846 379 2909 refert
394 2866 430 2909 ac
446 2846 548 2929 primis
565 2846 681 2919 diebus,
692 2855 726 2908 ut
740 2843 909 2921 uidebatur,
921 2841 1050 2906 libenter
1061 2844 1181 2909 auditus

58 2944 185 3030 reliquis
206 2947 244 3010 atl
268 2947 446 3030 colloquium
469 2969 529 3011 nou
547 2948 713 3012 admittitur
727 2948 875 3031 castigato
891 2943 1034 3031 Scipione
1048 2969 1067 3011 e
1080 2943 1181 3011 Fauo·

57 3048 136 3127 fio,
154 3057 189 3111 ut
203 3060 305 3133 postea
321 3051 459 3115 conlecto
474 3051 552 3115 bello
568 3051 809 3136 reperiebamus,
827 3051 994 3133 iniectaque
1009 3071 1044 3115 re
1058 3071 1128 3116 sese
1143 3052 1180 3115 al

58 3144 225 3217 Ceusrern
241 3152 365 3236 recepit.
391 3149 519 3232 Caesar,
537 3175 596 3237 quo
612 3154 728 3217 lucilius
745 3154 907 3236 equitatum
918 3152 1132 3237 Pompeianum
1141 3154 1178 3216 etl
1193 3152 1238 3222 58

10 3250 279 3341 ttllpsrbaobium
303 3255 474 3319 contineret
496 3267 528 3320 et
549 3256 740 3341 pabulatione
763 3256 952 3340 prohiberet,
977 3255 1076 3318 aditus
1091 3254 1179 3331 duos,

56 3376 135 3441 quoe
149 3376 220 3421 esse
233 3368 379 3441 angustos
394 3357 677 3437 demonstrauimus,
695 3359 811 3444 maguis
827 3356 965 3440 operibus
980 3354 1183 3439 praemuniuit

57 3458 242 3543 nslelleque
264 3460 310 3525 bio
329 3460 403 3526 locis
427 3461 537 3546 posuit.
569 3459 747 3545 Pompeius,
771 3460 821 3523 ubi
838 3460 911 3525 nibil
927 3456 1030 3543 profici
1046 3456 1217 3539 equitatub

56 3562 214 3647 annuit,
223 3564 326 3648 paneis
340 3564 523 3631 intonuissis
539 3566 642 3630 dicbus
658 3584 775 3627 rursum
792 3583 858 3627 cum
872 3562 998 3626 nauibus
1008 3560 1045 3623 atl
1056 3559 1181 3624 seintro

56 3663 240 3731 munitiones
261 3667 379 3751 recipit.
409 3666 490 3733 Erat
510 3689 626 3733 nummo
647 3667 748 3751 inopia
763 3666 881 3751 pabuli,
906 3666 981 3729 adeo
997 3674 1032 3727 ut
1045 3662 1125 3727 loliis
1140 3660 1216 3728 enb

170 3845 322 3914 lpeue(o).
437 3848 571 3917 2Pou1pei
584 3864 611 3899 ι.
728 3849 913 3901 subicereub.
1034 3845 1179 3910 bueubc,

56 3940 89 3977 ss
102 3924 129 3975 iu
142 3938 201 3977 esus
213 3940 242 3975 ιι.
383 3928 437 3979 telo
448 3936 612 3979 termentoue
625 3928 730 3994 reliqui
740 3928 834 3991 coctu,
849 3929 901 3979 telo
916 3934 1103 3978 tormeutnnue
1116 3940 1134 3975 n
1145 3930 1184 3976 ss'·

55 4002 131 4055 lente
143 4002 177 4055 tls
187 3998 314 4054 e'sstresso
326 4004 472 4071 Beperls'op
486 4007 566 4057 telum
580 4013 769 4057 tormentumue
783 4006 940 4071 Stephanus
952 4020 980 4054 ιι.
1112 4002 1183 4054 abici

55 4076 201 4144 Scaliger,
223 4080 292 4144 atligi
311 4081 388 4133 codd.
409 4080 471 4132 Non
489 4085 577 4146 scies,
595 4082 644 4133 sed
660 4082 698 4133 od
715 4086 803 4132 actem
821 4082 897 4131 adici
912 4083 1035 4146 potuisse
1052 4083 1180 4145 negetur.

167 4152 303 4223 Pompelus
316 4184 350 4199 ·-
362 4158 402 4223 (b)
415 4165 505 4224 posset
516 4173 570 4208 om.
585 4161 610 4209 b.
764 4160 782 4210 l
794 4158 990 4224 opinionemque
1001 4170 1018 4205 o
1032 4158 1047 4206 b
1060 4153 1140 4218 dese,
1155 4161 1183 4206 et

55 4232 206 4299 opinionem
219 4249 248 4286 ιι.
357 4236 420 4287 siu.
540 4236 680 4287 b-sbiectis
694 4235 770 4287 ‘mse
783 4237 893 4299 omnes',
908 4234 1033 4301 proiectis
1044 4248 1073 4285 ιι.

56 4309 119 4361 ab.
132 4311 277 4377 suppleuit
285 4312 475 4365 llsrbtandus.
590 4314 623 4367 l2
635 4321 745 4380 experts
756 4329 773 4364 a
783 4316 808 4364 b.
934 4314 964 4365 lb
977 4313 1042 4364 uitio
1056 4311 1152 4365 laetum
1164 4330 1182 4363 ιι

54 4386 118 4439 aa.
130 4392 197 4439 suta
208 4388 293 4455 seat,
308 4390 406 4459 l'setutu
420 4391 485 4442 uitio
495 4390 620 4456 Scaliger
632 4406 659 4441 u.
774 4392 986 4457 lloportunoo.
1105 4392 1183 4443 lbex

55 4478 152 4529 magus
162 4480 198 4529 a,-
211 4482 306 4533 napus
319 4484 353 4519 ex
364 4485 382 4520 ιι
394 4473 422 4519 et
435 4471 486 4520 ‘ste
497 4484 573 4532 mss„
587 4482 639 4519 nou
653 4482 686 4519 ex
699 4468 766 4519 m.'t
869 4469 1052 4534 compelleres
1061 4468 1136 4518 ‘mse
1146 4466 1180 4517 δ’.

169 4542 201 4596 lb
213 4544 403 4597 cohercendum
416 4562 443 4596 a.
560 4544 594 4599 2⁰
607 4545 709 4612 imperii
722 4544 886 4613 Stephanus,
900 4546 1008 4612 imperio
1021 4560 1038 4595 u
1048 4546 1074 4595 b.

55 4620 189 4673 relations
201 4628 266 4674 snts
278 4638 349 4675 eurr.
363 4639 391 4675 n.
496 4622 531 4675 23
543 4623 754 4689 repperiebsrnus
766 4639 794 4675 ιι.
898 4624 933 4677 26
945 4620 1145 4686 augustissimos
1155 4619 1179 4668 b.

167 4700 202 4753 29
216 4702 316 4769 recepit
330 4703 403 4753 ιιιιιι.
416 4707 444 4754 et
455 4700 515 4753 edd.
530 4700 605 4767 quid-¹

92 4794 188 4855 causer,
197 4798 233 4843 au.
249 4796 358 4857 Nipperd.
992 4780 1035 4847 38
