<?xml version="1.0" encoding="UTF-8"?>
<!DOCTYPE html PUBLIC "-//W3C//DTD XHTML 1.0 Transitional//EN"
    "http://www.w3.org/TR/xhtml1/DTD/xhtml1-transitional.dtd">
<html xmlns="http://www.w3.org/1999/xhtml" xml:lang="en" lang="en">
 <head>
  <title>
</title>
<meta http-equiv="Content-Type" content="text/html;charset=utf-8" />
  <meta name='ocr-system' content='tesseract 3.04.00' />
  <meta name='ocr-capabilities' content='ocr_page ocr_carea ocr_par ocr_line ocrx_word'/>
</head>
<body>
  <div class='ocr_page' id='page_1' title='image "./civliicaesarisc01hirtgoog_0635.png"; bbox 0 0 2646 5124; ppageno 0'>
   <div class='ocr_carea' id='block_1_1' title="bbox 300 630 1240 705">
    <p class='ocr_par' dir='ltr' id='par_1_1' title="bbox 300 630 1240 705">
     <span class='ocr_line' id='line_1_1' title="bbox 300 630 1240 705; baseline 0.005 -5"><span class='ocrx_word' id='word_1_1' title='bbox 300 632 432 700; x_wconf 80' lang='lat' dir='ltr'>nuum</span> <span class='ocrx_word' id='word_1_2' title='bbox 454 630 645 702; x_wconf 75' lang='lat' dir='ltr'>tumetra</span> <span class='ocrx_word' id='word_1_3' title='bbox 667 631 811 703; x_wconf 78' lang='lat' dir='ltr'>cstu</span> <span class='ocrx_word' id='word_1_4' title='bbox 826 634 933 701; x_wconf 78' lang='lat'><strong>1-2.</strong></span> <span class='ocrx_word' id='word_1_5' title='bbox 1175 634 1240 705; x_wconf 79' lang='lat' dir='ltr'>ddb</span> 
     </span>
    </p>
   </div>
   <div class='ocr_carea' id='block_1_2' title="bbox 162 1039 1077 1155">
    <p class='ocr_par' dir='ltr' id='par_1_2' title="bbox 162 1039 1077 1155">
     <span class='ocr_line' id='line_1_2' title="bbox 162 1039 1077 1155; baseline 0 -1"><span class='ocrx_word' id='word_1_6' title='bbox 162 1043 558 1154; x_wconf 84' lang='lat' dir='ltr'><strong>BELLVM</strong></span> <span class='ocrx_word' id='word_1_7' title='bbox 620 1039 1077 1155; x_wconf 75' lang='lat' dir='ltr'><strong>AFRIGAE.</strong></span> 
     </span>
    </p>
   </div>
   <div class='ocr_carea' id='block_1_3' title="bbox 10 1538 1235 3783">
    <p class='ocr_par' dir='ltr' id='par_1_3' title="bbox 61 1538 1189 1936">
     <span class='ocr_line' id='line_1_3' title="bbox 148 1538 1184 1609; baseline 0 -2"><span class='ocrx_word' id='word_1_8' title='bbox 148 1538 267 1607; x_wconf 88' lang='lat' dir='ltr'>Caesar</span> <span class='ocrx_word' id='word_1_9' title='bbox 287 1540 444 1607; x_wconf 79' lang='lat' dir='ltr'>itineribus</span> <span class='ocrx_word' id='word_1_10' title='bbox 466 1541 553 1605; x_wconf 87' lang='lat' dir='ltr'>iustis</span> <span class='ocrx_word' id='word_1_11' title='bbox 576 1542 721 1606; x_wconf 88' lang='lat' dir='ltr'>conlectis</span> <span class='ocrx_word' id='word_1_12' title='bbox 743 1544 826 1607; x_wconf 92' lang='lat' dir='ltr'>nullo</span> <span class='ocrx_word' id='word_1_13' title='bbox 848 1542 895 1608; x_wconf 90' lang='lat' dir='ltr'>die</span> <span class='ocrx_word' id='word_1_14' title='bbox 917 1544 1091 1609; x_wconf 86' lang='lat' dir='ltr'>intermisso</span> <span class='ocrx_word' id='word_1_15' title='bbox 1106 1566 1135 1609; x_wconf 88' lang='lat' dir='ltr'>a.</span> <span class='ocrx_word' id='word_1_16' title='bbox 1154 1547 1184 1609; x_wconf 87' lang='grc'>(1.</span> 
     </span>
     <span class='ocr_line' id='line_1_4' title="bbox 61 1641 1187 1730; baseline 0.002 -21"><span class='ocrx_word' id='word_1_17' title='bbox 61 1654 138 1709; x_wconf 81' lang='grc'>111111</span> <span class='ocrx_word' id='word_1_18' title='bbox 152 1641 223 1708; x_wconf 83' lang='lat' dir='ltr'>lial.</span> <span class='ocrx_word' id='word_1_19' title='bbox 238 1641 305 1707; x_wconf 87' lang='lat' dir='ltr'>lac.</span> <span class='ocrx_word' id='word_1_20' title='bbox 320 1641 497 1730; x_wconf 78' lang='lat' dir='ltr'>Lilybaeum</span> <span class='ocrx_word' id='word_1_21' title='bbox 521 1644 659 1729; x_wconf 89' lang='lat' dir='ltr'>peruenit</span> <span class='ocrx_word' id='word_1_22' title='bbox 678 1646 836 1730; x_wconf 73' lang='lat' dir='ltr'>statimque</span> <span class='ocrx_word' id='word_1_23' title='bbox 859 1646 989 1711; x_wconf 90' lang='lat' dir='ltr'>ostendit</span> <span class='ocrx_word' id='word_1_24' title='bbox 1010 1667 1079 1711; x_wconf 92' lang='lat' dir='ltr'>sese</span> <span class='ocrx_word' id='word_1_25' title='bbox 1095 1668 1187 1712; x_wconf 89' lang='lat' dir='ltr'>naues</span> 
     </span>
     <span class='ocr_line' id='line_1_5' title="bbox 63 1745 1189 1832; baseline 0.003 -21"><span class='ocrx_word' id='word_1_26' title='bbox 63 1747 143 1811; x_wconf 88' lang='lat' dir='ltr'>uelle</span> <span class='ocrx_word' id='word_1_27' title='bbox 166 1745 388 1824; x_wconf 76' lang='lat' dir='ltr'>conscendere,</span> <span class='ocrx_word' id='word_1_28' title='bbox 419 1767 486 1810; x_wconf 93' lang='lat' dir='ltr'>cum</span> <span class='ocrx_word' id='word_1_29' title='bbox 508 1767 569 1810; x_wconf 91' lang='lat' dir='ltr'>nou</span> <span class='ocrx_word' id='word_1_30' title='bbox 591 1746 718 1832; x_wconf 89' lang='lat' dir='ltr'>amplius</span> <span class='ocrx_word' id='word_1_31' title='bbox 740 1749 888 1832; x_wconf 89' lang='lat' dir='ltr'>legionem</span> <span class='ocrx_word' id='word_1_32' title='bbox 912 1750 1043 1813; x_wconf 83' lang='lat' dir='ltr'>tironum</span> <span class='ocrx_word' id='word_1_33' title='bbox 1065 1750 1189 1815; x_wconf 86' lang='lat' dir='ltr'>baberet</span> 
     </span>
     <span class='ocr_line' id='line_1_6' title="bbox 62 1847 1189 1936; baseline 0.004 -24"><span class='ocrx_word' id='word_1_34' title='bbox 62 1870 172 1928; x_wconf 86' lang='lat' dir='ltr'>unam,</span> <span class='ocrx_word' id='word_1_35' title='bbox 198 1849 312 1931; x_wconf 84' lang='lat' dir='ltr'>equites</span> <span class='ocrx_word' id='word_1_36' title='bbox 327 1847 380 1912; x_wconf 82' lang='lat' dir='ltr'>uix</span> <span class='ocrx_word' id='word_1_37' title='bbox 395 1859 451 1912; x_wconf 87' lang='lat' dir='ltr'>uc.</span> <span class='ocrx_word' id='word_1_38' title='bbox 483 1847 724 1915; x_wconf 73' lang='lat' dir='ltr'>&#39;sabernaculum</span> <span class='ocrx_word' id='word_1_39' title='bbox 740 1851 901 1915; x_wconf 89' lang='lat' dir='ltr'>secundnm</span> <span class='ocrx_word' id='word_1_40' title='bbox 918 1852 990 1915; x_wconf 92' lang='lat' dir='ltr'>litns</span> <span class='ocrx_word' id='word_1_41' title='bbox 1005 1852 1100 1936; x_wconf 91' lang='lat' dir='ltr'>ipsum</span> <span class='ocrx_word' id='word_1_42' title='bbox 1116 1874 1189 1917; x_wconf 89' lang='lat' dir='ltr'>eon·</span> 
     </span>
    </p>

    <p class='ocr_par' dir='ltr' id='par_1_4' title="bbox 28 1950 1228 2446">
     <span class='ocr_line' id='line_1_7' title="bbox 28 1950 1228 2039; baseline 0.003 -24"><span class='ocrx_word' id='word_1_43' title='bbox 28 1962 44 2014; x_wconf 75' lang='lat'><strong>5</strong></span> <span class='ocrx_word' id='word_1_44' title='bbox 66 1951 175 2029; x_wconf 84' lang='lat' dir='ltr'>stituit,</span> <span class='ocrx_word' id='word_1_45' title='bbox 195 1960 228 2014; x_wconf 92' lang='lat' dir='ltr'>nt</span> <span class='ocrx_word' id='word_1_46' title='bbox 242 1969 334 2037; x_wconf 88' lang='lat' dir='ltr'>prope</span> <span class='ocrx_word' id='word_1_47' title='bbox 350 1950 458 2015; x_wconf 86' lang='lat' dir='ltr'>ductus</span> <span class='ocrx_word' id='word_1_48' title='bbox 473 1952 661 2016; x_wconf 89' lang='lat' dir='ltr'>uerberaret.</span> <span class='ocrx_word' id='word_1_49' title='bbox 690 1951 758 2017; x_wconf 91' lang='lat' dir='ltr'>lloc</span> <span class='ocrx_word' id='word_1_50' title='bbox 774 1974 810 2017; x_wconf 91' lang='lat' dir='ltr'>eo</span> <span class='ocrx_word' id='word_1_51' title='bbox 827 1955 952 2018; x_wconf 90' lang='lat' dir='ltr'>consilio</span> <span class='ocrx_word' id='word_1_52' title='bbox 970 1955 1053 2033; x_wconf 88' lang='lat' dir='ltr'>lecit,</span> <span class='ocrx_word' id='word_1_53' title='bbox 1070 1976 1107 2019; x_wconf 89' lang='lat' dir='ltr'>ue</span> <span class='ocrx_word' id='word_1_54' title='bbox 1124 1956 1190 2039; x_wconf 93' lang='lat' dir='ltr'>quis</span> <span class='ocrx_word' id='word_1_55' title='bbox 1204 1953 1228 2019; x_wconf 78' lang='lat'><strong>2</strong></span> 
     </span>
     <span class='ocr_line' id='line_1_8' title="bbox 65 2052 1190 2141; baseline 0.003 -23"><span class='ocrx_word' id='word_1_56' title='bbox 65 2052 121 2118; x_wconf 89' lang='lat' dir='ltr'>sibi</span> <span class='ocrx_word' id='word_1_57' title='bbox 144 2074 246 2118; x_wconf 89' lang='lat' dir='ltr'>morae</span> <span class='ocrx_word' id='word_1_58' title='bbox 271 2055 427 2138; x_wconf 89' lang='lat' dir='ltr'>quicquam</span> <span class='ocrx_word' id='word_1_59' title='bbox 444 2056 680 2138; x_wconf 67' lang='lat' dir='ltr'>incoeperant,</span> <span class='ocrx_word' id='word_1_60' title='bbox 705 2066 736 2119; x_wconf 88' lang='lat' dir='ltr'>et</span> <span class='ocrx_word' id='word_1_61' title='bbox 749 2067 783 2119; x_wconf 93' lang='lat' dir='ltr'>ut</span> <span class='ocrx_word' id='word_1_62' title='bbox 798 2077 901 2120; x_wconf 89' lang='lat' dir='ltr'>omues</span> <span class='ocrx_word' id='word_1_63' title='bbox 916 2056 947 2119; x_wconf 91' lang='lat' dir='ltr'>in</span> <span class='ocrx_word' id='word_1_64' title='bbox 964 2057 1026 2121; x_wconf 91' lang='lat' dir='ltr'>dies</span> <span class='ocrx_word' id='word_1_65' title='bbox 1042 2056 1190 2141; x_wconf 91' lang='lat' dir='ltr'>borasque</span> 
     </span>
     <span class='ocr_line' id='line_1_9' title="bbox 64 2153 1226 2245; baseline 0.002 -25"><span class='ocrx_word' id='word_1_66' title='bbox 64 2157 162 2241; x_wconf 87' lang='lat' dir='ltr'>parati</span> <span class='ocrx_word' id='word_1_67' title='bbox 185 2168 301 2220; x_wconf 89' lang='lat' dir='ltr'>esseut.</span> <span class='ocrx_word' id='word_1_68' title='bbox 332 2153 442 2220; x_wconf 89' lang='lat' dir='ltr'>lncidit</span> <span class='ocrx_word' id='word_1_69' title='bbox 463 2157 561 2240; x_wconf 90' lang='lat' dir='ltr'>perid</span> <span class='ocrx_word' id='word_1_70' title='bbox 577 2167 714 2243; x_wconf 91' lang='lat' dir='ltr'>tempus,</span> <span class='ocrx_word' id='word_1_71' title='bbox 738 2169 772 2221; x_wconf 92' lang='lat' dir='ltr'>nt</span> <span class='ocrx_word' id='word_1_72' title='bbox 787 2169 978 2243; x_wconf 89' lang='lat' dir='ltr'>tempestates</span> <span class='ocrx_word' id='word_1_73' title='bbox 994 2160 1030 2223; x_wconf 89' lang='lat' dir='ltr'>ad</span> <span class='ocrx_word' id='word_1_74' title='bbox 1046 2160 1190 2245; x_wconf 84' lang='lat' dir='ltr'>nauigan·</span> <span class='ocrx_word' id='word_1_75' title='bbox 1206 2155 1226 2222; x_wconf 81' lang='lat'><strong>3</strong></span> 
     </span>
     <span class='ocr_line' id='line_1_10' title="bbox 64 2256 1192 2346; baseline 0.003 -25"><span class='ocrx_word' id='word_1_76' title='bbox 64 2258 134 2323; x_wconf 89' lang='lat' dir='ltr'>dnm</span> <span class='ocrx_word' id='word_1_77' title='bbox 150 2258 275 2322; x_wconf 88' lang='lat' dir='ltr'>idoneas</span> <span class='ocrx_word' id='word_1_78' title='bbox 292 2279 352 2322; x_wconf 93' lang='lat' dir='ltr'>non</span> <span class='ocrx_word' id='word_1_79' title='bbox 367 2257 501 2321; x_wconf 86' lang='lat' dir='ltr'>baberet.</span> <span class='ocrx_word' id='word_1_80' title='bbox 523 2256 630 2322; x_wconf 88' lang='lat' dir='ltr'>Nihilo</span> <span class='ocrx_word' id='word_1_81' title='bbox 647 2271 746 2322; x_wconf 87' lang='lat' dir='ltr'>tamen</span> <span class='ocrx_word' id='word_1_82' title='bbox 762 2260 858 2322; x_wconf 90' lang='lat' dir='ltr'>minos</span> <span class='ocrx_word' id='word_1_83' title='bbox 875 2262 907 2321; x_wconf 91' lang='lat' dir='ltr'>in</span> <span class='ocrx_word' id='word_1_84' title='bbox 922 2259 1047 2322; x_wconf 89' lang='lat' dir='ltr'>nauibus</span> <span class='ocrx_word' id='word_1_85' title='bbox 1062 2262 1192 2346; x_wconf 86' lang='lat' dir='ltr'>remiges</span> 
     </span>
     <span class='ocr_line' id='line_1_11' title="bbox 64 2360 1193 2446; baseline 0 -23"><span class='ocrx_word' id='word_1_86' title='bbox 64 2360 237 2443; x_wconf 85' lang='lat' dir='ltr'>militesque</span> <span class='ocrx_word' id='word_1_87' title='bbox 263 2360 418 2425; x_wconf 65' lang='lat' dir='ltr'>confluere</span> <span class='ocrx_word' id='word_1_88' title='bbox 447 2371 478 2425; x_wconf 91' lang='lat' dir='ltr'>et</span> <span class='ocrx_word' id='word_1_89' title='bbox 508 2361 619 2424; x_wconf 89' lang='lat' dir='ltr'>nullam</span> <span class='ocrx_word' id='word_1_90' title='bbox 650 2362 890 2446; x_wconf 85' lang='lat' dir='ltr'>praetermittere</span> <span class='ocrx_word' id='word_1_91' title='bbox 912 2361 1102 2424; x_wconf 88' lang='lat' dir='ltr'>occasionem</span> <span class='ocrx_word' id='word_1_92' title='bbox 1124 2382 1193 2444; x_wconf 92' lang='lat' dir='ltr'>pro·</span> 
     </span>
    </p>

    <p class='ocr_par' dir='ltr' id='par_1_5' title="bbox 10 2461 1230 2961">
     <span class='ocr_line' id='line_1_12' title="bbox 10 2461 1229 2549; baseline -0.002 -22"><span class='ocrx_word' id='word_1_93' title='bbox 10 2472 44 2527; x_wconf 91' lang='lat' dir='ltr'>to</span> <span class='ocrx_word' id='word_1_94' title='bbox 66 2462 227 2526; x_wconf 80' lang='lat' dir='ltr'>lectionis:</span> <span class='ocrx_word' id='word_1_95' title='bbox 253 2483 319 2526; x_wconf 92' lang='lat' dir='ltr'>cum</span> <span class='ocrx_word' id='word_1_96' title='bbox 343 2464 520 2547; x_wconf 90' lang='lat' dir='ltr'>praesertim</span> <span class='ocrx_word' id='word_1_97' title='bbox 537 2463 574 2527; x_wconf 93' lang='lat' dir='ltr'>ab</span> <span class='ocrx_word' id='word_1_98' title='bbox 589 2463 696 2528; x_wconf 91' lang='lat' dir='ltr'>incolis</span> <span class='ocrx_word' id='word_1_99' title='bbox 713 2464 778 2528; x_wconf 91' lang='lat' dir='ltr'>eius</span> <span class='ocrx_word' id='word_1_100' title='bbox 794 2462 969 2549; x_wconf 88' lang='lat' dir='ltr'>prouinciae</span> <span class='ocrx_word' id='word_1_101' title='bbox 985 2461 1229 2525; x_wconf 72' lang='lat' dir='ltr'>nuntiarenturl</span> 
     </span>
     <span class='ocr_line' id='line_1_13' title="bbox 66 2562 1193 2650; baseline -0.002 -22"><span class='ocrx_word' id='word_1_102' title='bbox 66 2564 308 2629; x_wconf 84' lang='lat' dir='ltr'>aduersariorum</span> <span class='ocrx_word' id='word_1_103' title='bbox 324 2565 427 2650; x_wconf 90' lang='lat' dir='ltr'>copiae</span> <span class='ocrx_word' id='word_1_104' title='bbox 443 2567 592 2650; x_wconf 83' lang='lat' dir='ltr'>equitatus</span> <span class='ocrx_word' id='word_1_105' title='bbox 607 2568 755 2646; x_wconf 86' lang='lat' dir='ltr'>infinitus,</span> <span class='ocrx_word' id='word_1_106' title='bbox 772 2566 908 2650; x_wconf 86' lang='lat' dir='ltr'>legiones</span> <span class='ocrx_word' id='word_1_107' title='bbox 923 2565 1026 2648; x_wconf 81' lang='lat' dir='ltr'>regiae</span> <span class='ocrx_word' id='word_1_108' title='bbox 1042 2574 1102 2638; x_wconf 90' lang='grc'>1111,</span> <span class='ocrx_word' id='word_1_109' title='bbox 1116 2562 1193 2626; x_wconf 86' lang='lat' dir='ltr'>leuis</span> 
     </span>
     <span class='ocr_line' id='line_1_14' title="bbox 67 2665 1195 2755; baseline -0.003 -23"><span class='ocrx_word' id='word_1_110' title='bbox 67 2679 237 2733; x_wconf 86' lang='lat' dir='ltr'>armaturae</span> <span class='ocrx_word' id='word_1_111' title='bbox 252 2688 359 2754; x_wconf 85' lang='lat' dir='ltr'>magna</span> <span class='ocrx_word' id='word_1_112' title='bbox 375 2668 434 2748; x_wconf 88' lang='lat' dir='ltr'>nis,</span> <span class='ocrx_word' id='word_1_113' title='bbox 446 2665 597 2755; x_wconf 86' lang='lat' dir='ltr'>Scipionis</span> <span class='ocrx_word' id='word_1_114' title='bbox 612 2671 748 2754; x_wconf 86' lang='lat' dir='ltr'>legiones</span> <span class='ocrx_word' id='word_1_115' title='bbox 763 2681 800 2749; x_wconf 86' lang='lat' dir='ltr'>x,</span> <span class='ocrx_word' id='word_1_116' title='bbox 815 2667 965 2753; x_wconf 87' lang='lat' dir='ltr'>elephanti</span> <span class='ocrx_word' id='word_1_117' title='bbox 979 2677 1052 2730; x_wconf 83' lang='lat' dir='ltr'>cxx</span> <span class='ocrx_word' id='word_1_118' title='bbox 1066 2668 1195 2730; x_wconf 85' lang='lat' dir='ltr'>classes·</span> 
     </span>
     <span class='ocr_line' id='line_1_15' title="bbox 70 2771 1196 2855; baseline -0.004 -21"><span class='ocrx_word' id='word_1_119' title='bbox 70 2790 128 2853; x_wconf 93' lang='lat' dir='ltr'>que</span> <span class='ocrx_word' id='word_1_120' title='bbox 142 2790 210 2835; x_wconf 87' lang='lat' dir='ltr'>esse</span> <span class='ocrx_word' id='word_1_121' title='bbox 225 2771 406 2855; x_wconf 85' lang='lat' dir='ltr'>complures,</span> <span class='ocrx_word' id='word_1_122' title='bbox 421 2781 521 2837; x_wconf 91' lang='lat' dir='ltr'>tamen</span> <span class='ocrx_word' id='word_1_123' title='bbox 537 2795 597 2838; x_wconf 91' lang='lat' dir='ltr'>non</span> <span class='ocrx_word' id='word_1_124' title='bbox 614 2774 822 2838; x_wconf 85' lang='lat' dir='ltr'>deterrebatur</span> <span class='ocrx_word' id='word_1_125' title='bbox 837 2773 995 2855; x_wconf 91' lang='lat' dir='ltr'>animoque</span> <span class='ocrx_word' id='word_1_126' title='bbox 1011 2781 1042 2835; x_wconf 91' lang='lat' dir='ltr'>et</span> <span class='ocrx_word' id='word_1_127' title='bbox 1056 2789 1108 2853; x_wconf 87' lang='lat' dir='ltr'>spe</span> <span class='ocrx_word' id='word_1_128' title='bbox 1124 2787 1196 2831; x_wconf 88' lang='lat' dir='ltr'>con-</span> 
     </span>
     <span class='ocr_line' id='line_1_16' title="bbox 69 2866 1230 2961; baseline -0.003 -25"><span class='ocrx_word' id='word_1_129' title='bbox 69 2871 191 2936; x_wconf 89' lang='lat' dir='ltr'>lidebat.</span> <span class='ocrx_word' id='word_1_130' title='bbox 222 2871 347 2937; x_wconf 85' lang='lat' dir='ltr'>Interim</span> <span class='ocrx_word' id='word_1_131' title='bbox 368 2874 400 2938; x_wconf 92' lang='lat' dir='ltr'>in</span> <span class='ocrx_word' id='word_1_132' title='bbox 425 2875 490 2939; x_wconf 92' lang='lat' dir='ltr'>dies</span> <span class='ocrx_word' id='word_1_133' title='bbox 513 2886 544 2939; x_wconf 92' lang='lat' dir='ltr'>et</span> <span class='ocrx_word' id='word_1_134' title='bbox 567 2896 660 2940; x_wconf 88' lang='lat' dir='ltr'>naues</span> <span class='ocrx_word' id='word_1_135' title='bbox 682 2876 790 2961; x_wconf 91' lang='lat' dir='ltr'>longae</span> <span class='ocrx_word' id='word_1_136' title='bbox 807 2875 968 2959; x_wconf 88' lang='lat' dir='ltr'>adaugeri,</span> <span class='ocrx_word' id='word_1_137' title='bbox 993 2883 1024 2936; x_wconf 92' lang='lat' dir='ltr'>et</span> <span class='ocrx_word' id='word_1_138' title='bbox 1039 2866 1230 2935; x_wconf 78' lang='lat' dir='ltr'>onerariaeb</span> 
     </span>
    </p>

    <p class='ocr_par' dir='ltr' id='par_1_6' title="bbox 11 2972 1233 3268">
     <span class='ocr_line' id='line_1_17' title="bbox 11 2972 1196 3063; baseline -0.005 -22"><span class='ocrx_word' id='word_1_139' title='bbox 11 2986 46 3041; x_wconf 80' lang='lat' dir='ltr'>ts</span> <span class='ocrx_word' id='word_1_140' title='bbox 70 2975 237 3059; x_wconf 86' lang='lat' dir='ltr'>complures</span> <span class='ocrx_word' id='word_1_141' title='bbox 259 2976 363 3041; x_wconf 88' lang='lat' dir='ltr'>eodem</span> <span class='ocrx_word' id='word_1_142' title='bbox 385 2998 589 3054; x_wconf 88' lang='lat' dir='ltr'>concurrere,</span> <span class='ocrx_word' id='word_1_143' title='bbox 614 2988 645 3042; x_wconf 91' lang='lat' dir='ltr'>et</span> <span class='ocrx_word' id='word_1_144' title='bbox 659 2979 796 3063; x_wconf 91' lang='lat' dir='ltr'>legiones</span> <span class='ocrx_word' id='word_1_145' title='bbox 812 2978 942 3042; x_wconf 89' lang='lat' dir='ltr'>tironum</span> <span class='ocrx_word' id='word_1_146' title='bbox 959 2974 1140 3050; x_wconf 88' lang='lat' dir='ltr'>conuenire,</span> <span class='ocrx_word' id='word_1_147' title='bbox 1163 2972 1196 3036; x_wconf 93' lang='lat' dir='ltr'>iu</span> 
     </span>
     <span class='ocr_line' id='line_1_18' title="bbox 68 3072 1233 3165; baseline 0 -23"><span class='ocrx_word' id='word_1_148' title='bbox 68 3077 117 3142; x_wconf 93' lang='lat' dir='ltr'>bis</span> <span class='ocrx_word' id='word_1_149' title='bbox 132 3086 275 3143; x_wconf 86' lang='lat' dir='ltr'>ueterana</span> <span class='ocrx_word' id='word_1_150' title='bbox 289 3077 368 3165; x_wconf 91' lang='lat' dir='ltr'>legio</span> <span class='ocrx_word' id='word_1_151' title='bbox 383 3080 498 3164; x_wconf 61' lang='lat' dir='ltr'>quinta</span> <span class='ocrx_word' id='word_1_152' title='bbox 510 3082 641 3165; x_wconf 89' lang='lat' dir='ltr'>equitum</span> <span class='ocrx_word' id='word_1_153' title='bbox 657 3082 694 3145; x_wconf 87' lang='lat' dir='ltr'>ad</span> <span class='ocrx_word' id='word_1_154' title='bbox 710 3093 733 3144; x_wconf 91' lang='grc'>11</span> <span class='ocrx_word' id='word_1_155' title='bbox 746 3082 839 3146; x_wconf 91' lang='lat' dir='ltr'>milia.</span> <span class='ocrx_word' id='word_1_156' title='bbox 863 3079 1051 3164; x_wconf 88' lang='lat' dir='ltr'>Legionibns</span> <span class='ocrx_word' id='word_1_157' title='bbox 1063 3072 1233 3142; x_wconf 75' lang='lat' dir='ltr'>collectis2</span> 
     </span>
     <span class='ocr_line' id='line_1_19' title="bbox 68 3180 1196 3268; baseline -0.003 -25"><span class='ocrx_word' id='word_1_158' title='bbox 68 3188 105 3243; x_wconf 78' lang='lat' dir='ltr'>vt</span> <span class='ocrx_word' id='word_1_159' title='bbox 120 3191 152 3247; x_wconf 87' lang='lat' dir='ltr'>et</span> <span class='ocrx_word' id='word_1_160' title='bbox 166 3181 298 3266; x_wconf 92' lang='lat' dir='ltr'>equitum</span> <span class='ocrx_word' id='word_1_161' title='bbox 314 3192 338 3245; x_wconf 89' lang='lat'>11</span> <span class='ocrx_word' id='word_1_162' title='bbox 352 3181 484 3258; x_wconf 86' lang='lat' dir='ltr'>milibus,</span> <span class='ocrx_word' id='word_1_163' title='bbox 502 3194 535 3247; x_wconf 94' lang='lat' dir='ltr'>nt</span> <span class='ocrx_word' id='word_1_164' title='bbox 550 3203 683 3267; x_wconf 91' lang='lat' dir='ltr'>quaeque</span> <span class='ocrx_word' id='word_1_165' title='bbox 699 3184 793 3268; x_wconf 88' lang='lat' dir='ltr'>prima</span> <span class='ocrx_word' id='word_1_166' title='bbox 807 3185 887 3266; x_wconf 92' lang='lat' dir='ltr'>legio</span> <span class='ocrx_word' id='word_1_167' title='bbox 902 3189 1040 3257; x_wconf 86' lang='lat' dir='ltr'>uenerat,</span> <span class='ocrx_word' id='word_1_168' title='bbox 1056 3180 1086 3241; x_wconf 93' lang='lat' dir='ltr'>in</span> <span class='ocrx_word' id='word_1_169' title='bbox 1102 3196 1196 3241; x_wconf 86' lang='lat' dir='ltr'>naues</span> 
     </span>
    </p>

    <p class='ocr_par' dir='ltr' id='par_1_7' title="bbox 24 3275 1233 3472">
     <span class='ocr_line' id='line_1_20' title="bbox 24 3275 1233 3370; baseline -0.007 -23"><span class='ocrx_word' id='word_1_170' title='bbox 24 3286 27 3291; x_wconf 84' lang='lat'>&#39;</span> <span class='ocrx_word' id='word_1_171' title='bbox 70 3283 176 3368; x_wconf 88' lang='lat' dir='ltr'>longas</span> <span class='ocrx_word' id='word_1_172' title='bbox 189 3283 410 3369; x_wconf 88' lang='lat' dir='ltr'>imponebatur,</span> <span class='ocrx_word' id='word_1_173' title='bbox 425 3286 540 3370; x_wconf 83' lang='lat' dir='ltr'>equites</span> <span class='ocrx_word' id='word_1_174' title='bbox 556 3297 655 3351; x_wconf 90' lang='lat' dir='ltr'>autem</span> <span class='ocrx_word' id='word_1_175' title='bbox 671 3287 702 3351; x_wconf 92' lang='lat' dir='ltr'>in</span> <span class='ocrx_word' id='word_1_176' title='bbox 718 3287 884 3351; x_wconf 88' lang='lat' dir='ltr'>onerarias.</span> <span class='ocrx_word' id='word_1_177' title='bbox 908 3281 955 3345; x_wconf 86' lang='lat' dir='ltr'>lta</span> <span class='ocrx_word' id='word_1_178' title='bbox 970 3283 1112 3345; x_wconf 89' lang='lat' dir='ltr'>maiorem</span> <span class='ocrx_word' id='word_1_179' title='bbox 1128 3298 1197 3362; x_wconf 84' lang='lat' dir='ltr'>par·</span> <span class='ocrx_word' id='word_1_180' title='bbox 1210 3275 1233 3339; x_wconf 84' lang='grc'><strong>2</strong></span> 
     </span>
     <span class='ocr_line' id='line_1_21' title="bbox 71 3384 1198 3472; baseline -0.007 -22"><span class='ocrx_word' id='word_1_181' title='bbox 71 3396 131 3451; x_wconf 92' lang='lat' dir='ltr'>tem</span> <span class='ocrx_word' id='word_1_182' title='bbox 146 3388 269 3452; x_wconf 86' lang='lat' dir='ltr'>nauium</span> <span class='ocrx_word' id='word_1_183' title='bbox 284 3390 463 3454; x_wconf 89' lang='lat' dir='ltr'>antecedere</span> <span class='ocrx_word' id='word_1_184' title='bbox 477 3390 566 3454; x_wconf 90' lang='lat' dir='ltr'>iussit</span> <span class='ocrx_word' id='word_1_185' title='bbox 582 3400 612 3455; x_wconf 87' lang='lat' dir='ltr'>et</span> <span class='ocrx_word' id='word_1_186' title='bbox 625 3390 753 3454; x_wconf 85' lang='lat' dir='ltr'>insulam</span> <span class='ocrx_word' id='word_1_187' title='bbox 770 3398 872 3472; x_wconf 89' lang='lat' dir='ltr'>petere</span> <span class='ocrx_word' id='word_1_188' title='bbox 887 3384 1098 3469; x_wconf 84' lang='lat' dir='ltr'>Aponianam,</span> <span class='ocrx_word' id='word_1_189' title='bbox 1122 3397 1198 3463; x_wconf 85' lang='lat' dir='ltr'>quac</span> 
     </span>
    </p>

    <p class='ocr_par' dir='ltr' id='par_1_8' title="bbox 12 3479 1235 3783">
     <span class='ocr_line' id='line_1_22' title="bbox 12 3479 1233 3577; baseline -0.007 -24"><span class='ocrx_word' id='word_1_190' title='bbox 12 3498 48 3553; x_wconf 80' lang='grc'>20</span> <span class='ocrx_word' id='word_1_191' title='bbox 70 3488 158 3554; x_wconf 83' lang='lat' dir='ltr'>abest</span> <span class='ocrx_word' id='word_1_192' title='bbox 185 3511 204 3555; x_wconf 86' lang='lat' dir='ltr'>a</span> <span class='ocrx_word' id='word_1_193' title='bbox 225 3487 373 3577; x_wconf 83' lang='lat' dir='ltr'>Lilybaeo</span> <span class='ocrx_word' id='word_1_194' title='bbox 399 3537 549 3557; x_wconf 89' lang='grc'><strong>......</strong></span> <span class='ocrx_word' id='word_1_195' title='bbox 575 3502 776 3557; x_wconf 86' lang='lat' dir='ltr'>commoratus</span> <span class='ocrx_word' id='word_1_196' title='bbox 798 3491 876 3554; x_wconf 86' lang='lat' dir='ltr'>bona</span> <span class='ocrx_word' id='word_1_197' title='bbox 899 3507 1060 3573; x_wconf 87' lang='lat' dir='ltr'>paucorum</span> <span class='ocrx_word' id='word_1_198' title='bbox 1082 3479 1233 3567; x_wconf 75' lang='lat' dir='ltr'>publioed</span> 
     </span>
     <span class='ocr_line' id='line_1_23' title="bbox 71 3584 1198 3681; baseline -0.007 -25"><span class='ocrx_word' id='word_1_199' title='bbox 71 3590 188 3672; x_wconf 91' lang='lat' dir='ltr'>uendit,</span> <span class='ocrx_word' id='word_1_200' title='bbox 205 3593 311 3659; x_wconf 88' lang='lat' dir='ltr'>deiude</span> <span class='ocrx_word' id='word_1_201' title='bbox 326 3593 437 3660; x_wconf 81' lang='lat' dir='ltr'>Alieno</span> <span class='ocrx_word' id='word_1_202' title='bbox 452 3596 597 3681; x_wconf 89' lang='lat' dir='ltr'>praetori,</span> <span class='ocrx_word' id='word_1_203' title='bbox 615 3596 667 3679; x_wconf 93' lang='lat' dir='ltr'>qni</span> <span class='ocrx_word' id='word_1_204' title='bbox 678 3591 812 3660; x_wconf 86' lang='lat' dir='ltr'>Siciliam</span> <span class='ocrx_word' id='word_1_205' title='bbox 828 3590 990 3678; x_wconf 85' lang='lat' dir='ltr'>optinebat,</span> <span class='ocrx_word' id='word_1_206' title='bbox 1008 3588 1045 3653; x_wconf 91' lang='lat' dir='ltr'>de</span> <span class='ocrx_word' id='word_1_207' title='bbox 1061 3584 1198 3650; x_wconf 86' lang='lat' dir='ltr'>omnibus</span> 
     </span>
     <span class='ocr_line' id='line_1_24' title="bbox 71 3684 1235 3783; baseline -0.006 -24"><span class='ocrx_word' id='word_1_208' title='bbox 71 3693 164 3759; x_wconf 87' lang='lat' dir='ltr'>rebus</span> <span class='ocrx_word' id='word_1_209' title='bbox 185 3696 332 3781; x_wconf 86' lang='lat' dir='ltr'>praecipit</span> <span class='ocrx_word' id='word_1_210' title='bbox 353 3707 384 3761; x_wconf 90' lang='lat' dir='ltr'>et</span> <span class='ocrx_word' id='word_1_211' title='bbox 406 3698 441 3763; x_wconf 92' lang='lat' dir='ltr'>de</span> <span class='ocrx_word' id='word_1_212' title='bbox 457 3699 572 3783; x_wconf 90' lang='lat' dir='ltr'>reliquo</span> <span class='ocrx_word' id='word_1_213' title='bbox 588 3698 726 3764; x_wconf 89' lang='lat' dir='ltr'>exercitu</span> <span class='ocrx_word' id='word_1_214' title='bbox 742 3696 883 3762; x_wconf 87' lang='lat' dir='ltr'>celeriter</span> <span class='ocrx_word' id='word_1_215' title='bbox 896 3692 1078 3779; x_wconf 89' lang='lat' dir='ltr'>inponendo.</span> <span class='ocrx_word' id='word_1_216' title='bbox 1109 3684 1235 3754; x_wconf 66' lang='lat' dir='ltr'>Datioi</span> 
     </span>
    </p>
   </div>
   <div class='ocr_carea' id='block_1_4' title="bbox 64 3865 1288 4795">
    <p class='ocr_par' dir='ltr' id='par_1_9' title="bbox 64 3865 1288 4795">
     <span class='ocr_line' id='line_1_25' title="bbox 181 3865 1200 3937; baseline -0.003 -18"><span class='ocrx_word' id='word_1_217' title='bbox 181 3867 274 3936; x_wconf 89' lang='lat' dir='ltr'>lucipit</span> <span class='ocrx_word' id='word_1_218' title='bbox 287 3869 356 3921; x_wconf 89' lang='lat' dir='ltr'>liber</span> <span class='ocrx_word' id='word_1_219' title='bbox 367 3869 430 3921; x_wconf 94' lang='lat' dir='ltr'>belli</span> <span class='ocrx_word' id='word_1_220' title='bbox 443 3870 556 3924; x_wconf 78' lang='lat' dir='ltr'>Allricae</span> <span class='ocrx_word' id='word_1_221' title='bbox 570 3871 685 3925; x_wconf 87' lang='lat' dir='ltr'>lelicitcr</span> <span class='ocrx_word' id='word_1_222' title='bbox 696 3889 714 3924; x_wconf 87' lang='lat' dir='ltr'>c</span> <span class='ocrx_word' id='word_1_223' title='bbox 721 3912 730 3937; x_wconf 87' lang='lat'>,</span> <span class='ocrx_word' id='word_1_224' title='bbox 751 3878 779 3924; x_wconf 84' lang='lat' dir='ltr'>et</span> <span class='ocrx_word' id='word_1_225' title='bbox 790 3872 896 3925; x_wconf 76' lang='lat' dir='ltr'>Africae</span> <span class='ocrx_word' id='word_1_226' title='bbox 909 3872 994 3921; x_wconf 81' lang='lat' dir='ltr'>etium</span> <span class='ocrx_word' id='word_1_227' title='bbox 1007 3868 1021 3919; x_wconf 88' lang='lat' dir='ltr'>b</span> <span class='ocrx_word' id='word_1_228' title='bbox 1034 3883 1064 3932; x_wconf 87' lang='lat' dir='ltr'>c,</span> <span class='ocrx_word' id='word_1_229' title='bbox 1085 3865 1200 3917; x_wconf 80' lang='lat' dir='ltr'>adiecti-</span> 
     </span>
     <span class='ocr_line' id='line_1_26' title="bbox 71 3942 1200 4008; baseline -0.002 -15"><span class='ocrx_word' id='word_1_230' title='bbox 71 3957 139 3994; x_wconf 82' lang='lat' dir='ltr'>uum</span> <span class='ocrx_word' id='word_1_231' title='bbox 151 3942 304 3996; x_wconf 74' lang='lat' dir='ltr'>Africanum</span> <span class='ocrx_word' id='word_1_232' title='bbox 322 3948 434 3999; x_wconf 73' lang='lat' dir='ltr'>exbibet</span> <span class='ocrx_word' id='word_1_233' title='bbox 450 3948 477 3999; x_wconf 84' lang='lat' dir='ltr'>d.</span> <span class='ocrx_word' id='word_1_234' title='bbox 490 3949 523 4001; x_wconf 84' lang='lat' dir='ltr'>P.</span> <span class='ocrx_word' id='word_1_235' title='bbox 538 3950 572 4005; x_wconf 77' lang='grc'>92</span> <span class='ocrx_word' id='word_1_236' title='bbox 584 3952 625 4000; x_wconf 77' lang='lat' dir='ltr'>in.</span> <span class='ocrx_word' id='word_1_237' title='bbox 641 3949 788 4002; x_wconf 79' lang='lat' dir='ltr'>‘Nonnulli</span> <span class='ocrx_word' id='word_1_238' title='bbox 798 3966 863 4000; x_wconf 85' lang='lat' dir='ltr'>mss.</span> <span class='ocrx_word' id='word_1_239' title='bbox 879 3946 1003 4000; x_wconf 85' lang='lat' dir='ltr'>Caesaris</span> <span class='ocrx_word' id='word_1_240' title='bbox 1014 3959 1110 3997; x_wconf 80' lang='lat' dir='ltr'>comen</span> <span class='ocrx_word' id='word_1_241' title='bbox 1119 3957 1200 4008; x_wconf 87' lang='lat' dir='ltr'>prce-</span> 
     </span>
     <span class='ocr_line' id='line_1_27' title="bbox 64 4017 1197 4088; baseline 0.001 -20"><span class='ocrx_word' id='word_1_242' title='bbox 64 4021 176 4085; x_wconf 65' lang='lat' dir='ltr'>flgcnt,</span> <span class='ocrx_word' id='word_1_243' title='bbox 189 4019 241 4071; x_wconf 80' lang='lat' dir='ltr'>otte·</span> <span class='ocrx_word' id='word_1_244' title='bbox 251 4020 377 4073; x_wconf 80' lang='lat' dir='ltr'>cattam&#39;.</span> <span class='ocrx_word' id='word_1_245' title='bbox 390 4023 424 4073; x_wconf 81' lang='grc' dir='ltr'>Ρ.</span> <span class='ocrx_word' id='word_1_246' title='bbox 438 4025 481 4077; x_wconf 78' lang='grc'>33.</span> <span class='ocrx_word' id='word_1_247' title='bbox 587 4025 635 4077; x_wconf 86' lang='lat' dir='ltr'>lt.</span> <span class='ocrx_word' id='word_1_248' title='bbox 646 4026 673 4076; x_wconf 87' lang='lat' dir='ltr'>d.</span> <span class='ocrx_word' id='word_1_249' title='bbox 686 4027 830 4088; x_wconf 78' lang='lat' dir='ltr'>Dcutss&#39;ns,</span> <span class='ocrx_word' id='word_1_250' title='bbox 839 4025 872 4074; x_wconf 84' lang='lat' dir='ltr'>ad</span> <span class='ocrx_word' id='word_1_251' title='bbox 885 4023 962 4074; x_wconf 86' lang='lat' dir='ltr'>codd.</span> <span class='ocrx_word' id='word_1_252' title='bbox 1066 4020 1137 4073; x_wconf 66' lang='lat' dir='ltr'>lxiv</span> <span class='ocrx_word' id='word_1_253' title='bbox 1146 4017 1197 4082; x_wconf 80' lang='lat' dir='ltr'>(a).</span> 
     </span>
     <span class='ocr_line' id='line_1_28' title="bbox 186 4095 1288 4171; baseline 0 -25"><span class='ocrx_word' id='word_1_254' title='bbox 186 4095 464 4153; x_wconf 82' lang='lat' dir='ltr'>lxtlun.Lilibcnmu.</span> <span class='ocrx_word' id='word_1_255' title='bbox 570 4101 933 4171; x_wconf 83' lang='lat' dir='ltr'>dqnicquamo,nonquidq.</span> <span class='ocrx_word' id='word_1_256' title='bbox 1039 4095 1196 4149; x_wconf 68' lang='lat' dir='ltr'>torcamo.</span> <span class='ocrx_word' id='word_1_257' title='bbox 1286 4102 1288 4106; x_wconf 88' lang='lat'>&#39;</span> 
     </span>
     <span class='ocr_line' id='line_1_29' title="bbox 186 4174 1198 4244; baseline -0.003 -16"><span class='ocrx_word' id='word_1_258' title='bbox 186 4175 217 4229; x_wconf 85' lang='grc'>13</span> <span class='ocrx_word' id='word_1_259' title='bbox 230 4192 290 4230; x_wconf 84' lang='lat' dir='ltr'>csse</span> <span class='ocrx_word' id='word_1_260' title='bbox 301 4195 355 4233; x_wconf 82' lang='lat' dir='ltr'>om.</span> <span class='ocrx_word' id='word_1_261' title='bbox 369 4183 394 4234; x_wconf 86' lang='lat' dir='ltr'>b.</span> <span class='ocrx_word' id='word_1_262' title='bbox 543 4182 575 4233; x_wconf 85' lang='lat'>15</span> <span class='ocrx_word' id='word_1_263' title='bbox 589 4184 680 4234; x_wconf 82' lang='lat' dir='ltr'>ecdem</span> <span class='ocrx_word' id='word_1_264' title='bbox 692 4198 745 4232; x_wconf 88' lang='lat' dir='ltr'>cm.</span> <span class='ocrx_word' id='word_1_265' title='bbox 761 4182 785 4231; x_wconf 84' lang='lat' dir='ltr'>b.</span> <span class='ocrx_word' id='word_1_266' title='bbox 935 4177 966 4230; x_wconf 88' lang='lat' dir='ltr'>lb</span> <span class='ocrx_word' id='word_1_267' title='bbox 977 4177 1094 4244; x_wconf 75' lang='lat' dir='ltr'>equitum·</span> <span class='ocrx_word' id='word_1_268' title='bbox 1105 4190 1159 4228; x_wconf 86' lang='lat' dir='ltr'>om.</span> <span class='ocrx_word' id='word_1_269' title='bbox 1174 4174 1198 4225; x_wconf 90' lang='lat' dir='ltr'>b.</span> 
     </span>
     <span class='ocr_line' id='line_1_30' title="bbox 184 4255 1091 4327; baseline -0.003 -19"><span class='ocrx_word' id='word_1_270' title='bbox 184 4255 218 4309; x_wconf 81' lang='lat'>1⁷</span> <span class='ocrx_word' id='word_1_271' title='bbox 229 4258 347 4327; x_wconf 81' lang='lat' dir='ltr'>milibus]</span> <span class='ocrx_word' id='word_1_272' title='bbox 359 4261 432 4312; x_wconf 88' lang='lat' dir='ltr'>milia</span> <span class='ocrx_word' id='word_1_273' title='bbox 444 4276 471 4311; x_wconf 86' lang='lat' dir='ltr'>u.</span> <span class='ocrx_word' id='word_1_274' title='bbox 637 4267 717 4326; x_wconf 86' lang='lat' dir='ltr'>utque</span> <span class='ocrx_word' id='word_1_275' title='bbox 729 4259 778 4325; x_wconf 84' lang='lat' dir='ltr'>(cn</span> <span class='ocrx_word' id='word_1_276' title='bbox 791 4260 890 4309; x_wconf 82' lang='lat' dir='ltr'>omisso</span> <span class='ocrx_word' id='word_1_277' title='bbox 903 4271 1019 4322; x_wconf 84' lang='lat' dir='ltr'>quaeque</span> <span class='ocrx_word' id='word_1_278' title='bbox 1027 4258 1051 4317; x_wconf 81' lang='lat' dir='ltr'>t)</span> <span class='ocrx_word' id='word_1_279' title='bbox 1065 4256 1091 4305; x_wconf 85' lang='lat' dir='ltr'>d.</span> 
     </span>
     <span class='ocr_line' id='line_1_31' title="bbox 75 4334 1198 4408; baseline -0.006 -19"><span class='ocrx_word' id='word_1_280' title='bbox 75 4336 281 4404; x_wconf 67' lang='lat' dir='ltr'>conponentem</span> <span class='ocrx_word' id='word_1_281' title='bbox 295 4341 321 4390; x_wconf 85' lang='lat' dir='ltr'>d.</span> <span class='ocrx_word' id='word_1_282' title='bbox 473 4353 540 4408; x_wconf 82' lang='lat' dir='ltr'>qnae</span> <span class='ocrx_word' id='word_1_283' title='bbox 554 4339 629 4390; x_wconf 89' lang='lat' dir='ltr'>abest</span> <span class='ocrx_word' id='word_1_284' title='bbox 641 4355 658 4390; x_wconf 83' lang='lat' dir='ltr'>a</span> <span class='ocrx_word' id='word_1_285' title='bbox 672 4340 687 4389; x_wconf 89' lang='lat' dir='ltr'>b</span> <span class='ocrx_word' id='word_1_286' title='bbox 700 4354 723 4403; x_wconf 88' lang='lat' dir='ltr'>e,</span> <span class='ocrx_word' id='word_1_287' title='bbox 738 4351 805 4405; x_wconf 87' lang='lat' dir='ltr'>quaa</span> <span class='ocrx_word' id='word_1_288' title='bbox 818 4352 868 4388; x_wconf 93' lang='lat' dir='ltr'>nou</span> <span class='ocrx_word' id='word_1_289' title='bbox 882 4336 958 4387; x_wconf 87' lang='lat' dir='ltr'>abest</span> <span class='ocrx_word' id='word_1_290' title='bbox 972 4335 1001 4386; x_wconf 88' lang='lat' dir='ltr'>P.</span> <span class='ocrx_word' id='word_1_291' title='bbox 1015 4334 1159 4386; x_wconf 80' lang='lat' dir='ltr'>Manutius</span> <span class='ocrx_word' id='word_1_292' title='bbox 1170 4346 1198 4382; x_wconf 81' lang='lat' dir='ltr'>u.</span> 
     </span>
     <span class='ocr_line' id='line_1_32' title="bbox 182 4413 1200 4484; baseline -0.009 -12"><span class='ocrx_word' id='word_1_293' title='bbox 182 4416 364 4472; x_wconf 73' lang='lat' dir='ltr'>ldbilibreom</span> <span class='ocrx_word' id='word_1_294' title='bbox 378 4436 405 4471; x_wconf 84' lang='lat' dir='ltr'>a.</span> <span class='ocrx_word' id='word_1_295' title='bbox 419 4419 561 4471; x_wconf 75' lang='lat' dir='ltr'>lacunam</span> <span class='ocrx_word' id='word_1_296' title='bbox 573 4433 623 4484; x_wconf 80' lang='lat' dir='ltr'>ago</span> <span class='ocrx_word' id='word_1_297' title='bbox 635 4421 742 4470; x_wconf 79' lang='lat' dir='ltr'>notaui.</span> <span class='ocrx_word' id='word_1_298' title='bbox 848 4421 1021 4467; x_wconf 86' lang='lat' dir='ltr'>commoratus</span> <span class='ocrx_word' id='word_1_299' title='bbox 1033 4430 1051 4466; x_wconf 87' lang='lat' dir='ltr'>o</span> <span class='ocrx_word' id='word_1_300' title='bbox 1064 4431 1086 4479; x_wconf 86' lang='lat' dir='ltr'>c,</span> <span class='ocrx_word' id='word_1_301' title='bbox 1101 4428 1155 4465; x_wconf 87' lang='lat' dir='ltr'>om.</span> <span class='ocrx_word' id='word_1_302' title='bbox 1170 4413 1200 4473; x_wconf 90' lang='lat' dir='ltr'>b,·</span> 
     </span>
     <span class='ocr_line' id='line_1_33' title="bbox 75 4491 1199 4562; baseline -0.004 -20"><span class='ocrx_word' id='word_1_303' title='bbox 75 4491 163 4560; x_wconf 91' lang='lat' dir='ltr'>ibique</span> <span class='ocrx_word' id='word_1_304' title='bbox 183 4502 358 4547; x_wconf 84' lang='lat' dir='ltr'>commoratus</span> <span class='ocrx_word' id='word_1_305' title='bbox 377 4496 438 4547; x_wconf 83' lang='lat' dir='ltr'>edd.</span> <span class='ocrx_word' id='word_1_306' title='bbox 455 4501 580 4562; x_wconf 76' lang='lat' dir='ltr'>priores,</span> <span class='ocrx_word' id='word_1_307' title='bbox 602 4496 658 4562; x_wconf 84' lang='lat' dir='ltr'>ipse</span> <span class='ocrx_word' id='word_1_308' title='bbox 671 4509 760 4561; x_wconf 83' lang='lat' dir='ltr'>parum</span> <span class='ocrx_word' id='word_1_309' title='bbox 774 4499 947 4546; x_wconf 82' lang='lat' dir='ltr'>commoratus</span> <span class='ocrx_word' id='word_1_310' title='bbox 960 4509 1022 4543; x_wconf 84' lang='lat' dir='ltr'>cum</span> <span class='ocrx_word' id='word_1_311' title='bbox 1034 4508 1089 4543; x_wconf 81' lang='lat' dir='ltr'>arro</span> <span class='ocrx_word' id='word_1_312' title='bbox 1101 4491 1157 4541; x_wconf 74' lang='lat' dir='ltr'>aas.</span> <span class='ocrx_word' id='word_1_313' title='bbox 1171 4502 1199 4538; x_wconf 82' lang='lat' dir='ltr'>a.</span> 
     </span>
     <span class='ocr_line' id='line_1_34' title="bbox 183 4563 1199 4642; baseline -0.003 -19"><span class='ocrx_word' id='word_1_314' title='bbox 183 4572 287 4640; x_wconf 86' lang='lat' dir='ltr'>publice</span> <span class='ocrx_word' id='word_1_315' title='bbox 301 4574 392 4625; x_wconf 88' lang='lat' dir='ltr'>uendit</span> <span class='ocrx_word' id='word_1_316' title='bbox 404 4590 431 4639; x_wconf 87' lang='lat' dir='ltr'>a,</span> <span class='ocrx_word' id='word_1_317' title='bbox 445 4575 537 4626; x_wconf 91' lang='lat' dir='ltr'>uendit</span> <span class='ocrx_word' id='word_1_318' title='bbox 549 4572 652 4642; x_wconf 87' lang='lat' dir='ltr'>publice</span> <span class='ocrx_word' id='word_1_319' title='bbox 665 4572 725 4624; x_wconf 85' lang='lat' dir='ltr'>cdd.</span> <span class='ocrx_word' id='word_1_320' title='bbox 831 4571 862 4628; x_wconf 82' lang='grc'>21</span> <span class='ocrx_word' id='word_1_321' title='bbox 872 4571 967 4624; x_wconf 75' lang='lat' dir='ltr'>Alieno</span> <span class='ocrx_word' id='word_1_322' title='bbox 979 4587 995 4622; x_wconf 85' lang='lat' dir='ltr'>a</span> <span class='ocrx_word' id='word_1_323' title='bbox 1008 4571 1084 4621; x_wconf 64' lang='lat' dir='ltr'>‘msa</span> <span class='ocrx_word' id='word_1_324' title='bbox 1098 4571 1128 4616; x_wconf 76' lang='lat' dir='ltr'>ct</span> <span class='ocrx_word' id='word_1_325' title='bbox 1137 4563 1199 4616; x_wconf 77' lang='lat' dir='ltr'>cdd·</span> 
     </span>
     <span class='ocr_line' id='line_1_35' title="bbox 76 4641 1200 4718; baseline -0.008 -16"><span class='ocrx_word' id='word_1_326' title='bbox 76 4648 161 4717; x_wconf 81' lang='lat' dir='ltr'>qdd.’,</span> <span class='ocrx_word' id='word_1_327' title='bbox 175 4650 282 4703; x_wconf 73' lang='lat' dir='ltr'>Allieno</span> <span class='ocrx_word' id='word_1_328' title='bbox 295 4649 415 4704; x_wconf 76' lang='lat' dir='ltr'>Vrsinus</span> <span class='ocrx_word' id='word_1_329' title='bbox 426 4667 455 4704; x_wconf 86' lang='lat' dir='ltr'>u.</span> <span class='ocrx_word' id='word_1_330' title='bbox 579 4650 715 4718; x_wconf 82' lang='lat' dir='ltr'>optincbtt</span> <span class='ocrx_word' id='word_1_331' title='bbox 726 4666 754 4703; x_wconf 82' lang='lat' dir='ltr'>a.</span> <span class='ocrx_word' id='word_1_332' title='bbox 871 4650 906 4706; x_wconf 86' lang='grc'>22</span> <span class='ocrx_word' id='word_1_333' title='bbox 918 4644 1055 4716; x_wconf 79' lang='lat' dir='ltr'>praecipit]</span> <span class='ocrx_word' id='word_1_334' title='bbox 1069 4641 1162 4697; x_wconf 86' lang='lat' dir='ltr'>scribit</span> <span class='ocrx_word' id='word_1_335' title='bbox 1174 4643 1200 4694; x_wconf 88' lang='lat' dir='ltr'>b.</span> 
     </span>
     <span class='ocr_line' id='line_1_36' title="bbox 185 4725 685 4795; baseline -0.002 -15"><span class='ocrx_word' id='word_1_336' title='bbox 185 4727 332 4795; x_wconf 85' lang='lat' dir='ltr'>inponendo</span> <span class='ocrx_word' id='word_1_337' title='bbox 346 4743 373 4780; x_wconf 84' lang='lat' dir='ltr'>a.</span> <span class='ocrx_word' id='word_1_338' title='bbox 479 4725 685 4783; x_wconf 84' lang='lat' dir='ltr'>datirom.bd.</span> 
     </span>
    </p>
   </div>
   <div class='ocr_carea' id='block_1_5' title="bbox 0 0 1335 5124">
    <p class='ocr_par' dir='ltr' id='par_1_10' title="bbox 0 0 1335 5124">
     <span class='ocr_line' id='line_1_37' title="bbox 0 0 1335 5124; baseline 0 0"><span class='ocrx_word' id='word_1_339' title='bbox 0 0 1335 5124; x_wconf 95' lang='lat' dir='ltr'> </span> 
     </span>
    </p>
   </div>
  </div>
 </body>
</html>
