2646 5124
494 608 737 679 nrtsrounn
1168 610 1245 682 ma*

55 788 84 852 io
102 786 229 869 epistola
245 794 369 860 nostre,
394 805 432 848 ne
447 804 480 850 se
496 784 620 849 absente
636 786 718 871 leges
735 805 807 848 snae
823 785 1074 868 neglegerentur,
1100 785 1178 850 sicut

56 899 139 953 esset
154 887 291 972 neglecta
306 888 501 971 sumptuaria.

49 1069 52 1073 ⁴
140 989 227 1054 Idem
242 988 319 1052 ibid.
337 988 399 1067 20,
419 988 454 1053 1:
486 986 672 1053 ACaesare
695 989 812 1053 litteras
835 990 936 1074 accepi
960 991 1178 1057 consolatorias

55 1097 141 1159 datas
158 1092 251 1176 pridie
266 1089 335 1155 ltet.
353 1089 430 1155 Mai.
449 1091 578 1177 Hispali.

18 1212 36 1262 5
144 1194 231 1258 Idem
247 1194 323 1258 ibid.
341 1193 384 1258 22
399 1205 505 1258 selme
531 1192 699 1277 Epistolam
715 1189 861 1259 Caesaris
877 1193 963 1272 misi,
981 1194 1008 1258 si
1024 1195 1120 1259 minos
1135 1197 1178 1260 le-

55 1301 166 1384 gieses.

408 1422 446 1462 sn
461 1424 489 1472 o.
507 1420 638 1462 munisse
653 1420 829 1462 cremonen.
1025 1424 1028 1429 ·

144 1504 188 1584 (u.
207 1499 263 1586 59)
283 1500 350 1566 Cic.
368 1503 413 1566 od
430 1503 467 1583 Q.
478 1504 530 1590 sr.
543 1501 572 1579 I,
588 1500 622 1580 2,
633 1499 692 1565 112
717 1499 760 1565 Vt
775 1502 893 1586 opinor,
907 1496 1007 1565 Flauii
1022 1501 1181 1586 aliquando

57 1626 121 1670 rem
138 1615 169 1669 et
183 1601 342 1689 Pompeius
358 1617 388 1669 et
404 1601 522 1669 Caesar
536 1603 588 1668 tibi
605 1603 863 1668 commendarunt.

10 1718 37 1774 ιο
144 1709 188 1789 (o.
208 1706 263 1789 5⁴)
283 1706 373 1771 Caes.
393 1708 422 1771 b.
444 1706 529 1771 Gall.
550 1705 595 1784 V,
612 1704 667 1785 ⁴8,
685 1706 724 1770 32
750 1703 828 1770 Tum
844 1706 959 1769 cuidam
976 1725 1017 1769 ex
1032 1707 1182 1790 equitibus

60 1807 156 1874 Gallis
172 1809 288 1892 magnis
304 1811 443 1901 praemiis
460 1810 631 1894 persuadet,
652 1808 696 1873 uti
712 1810 750 1873 ad
766 1805 944 1874 Ciceronem
960 1808 1116 1892 epistolam
1132 1810 1183 1873 de·

60 1914 149 1977 ierat.
174 1909 260 1976 lianc
277 1910 404 1977 Graecis
419 1914 620 1996 conscriptam
636 1912 745 1975 litteris
761 1912 869 1990 mittit,
887 1931 924 1974 ne
940 1911 1104 1996 intercepta
1120 1913 1182 1996 epi·

61 2014 138 2079 stola
162 2026 265 2078 nostra
287 2016 324 2079 ab
346 2016 482 2080 hostibus
497 2016 623 2080 consilia
639 2024 871 2098 cognoscantur.
903 2010 938 2075 ln
953 2014 1063 2077 litteris
1078 2013 1184 2077 scribit

59 2139 93 2182 se
108 2140 175 2181 enm
191 2118 356 2201 legionibus
373 2119 536 2200 proiectum
550 2118 689 2181 celeriter
700 2117 794 2179 affore
804 2140 813 2192 3
824 2116 1016 2193 bortatur,nt
1025 2114 1183 2200 pristinam

10 2232 36 2284 u
59 2221 200 2285 uimutem
217 2219 357 2282 retineat.

442 2341 479 2382 m
500 2340 613 2382 manvu
628 2340 665 2381 sr
679 2339 800 2381 onrrvns.

555 2425 599 2499 (a.
618 2419 688 2502 54.)

151 2522 218 2588 Cic.
236 2521 280 2585 ud
297 2523 335 2604 Q.
342 2521 398 2606 sr.
418 2522 464 2601 II,
480 2522 580 2602 12‚4=
606 2521 653 2586 De
669 2518 803 2586 Caesare
819 2525 937 2605 fugerat
951 2542 998 2585 me
1013 2521 1051 2585 ad
1067 2532 1096 2586 te
1110 2524 1186 2586 sori-

64 2622 154 2689 bere':
173 2624 260 2688 uideo
276 2625 375 2701 enim,
393 2645 467 2707 quas
483 2635 515 2689 tu
531 2627 648 2690 litteras
664 2625 845 2710 expectaris.
871 2621 932 2689 Sed
948 2625 998 2689 ille
1013 2624 1135 2708 scripsit
1149 2627 1186 2689 ed

10 2740 43 2793 lt
65 2725 189 2791 balbum
206 2727 381 2791 fasciculum
397 2727 478 2791 illum
494 2728 708 2813 epistolarum,
725 2726 756 2790 in
772 2749 830 2810 qno
845 2729 944 2791 inerat
958 2748 1023 2791 mea
1039 2737 1071 2790 et
1086 2724 1184 2804 llalbi,

65 2840 157 2892 totum
173 2829 230 2891 sibi
245 2850 321 2912 aqna
337 2831 483 2894 madidum
499 2832 646 2896 redditum
662 2851 750 2904 esse,
775 2841 807 2893 ut
822 2851 860 2894 ne
874 2830 948 2895 illud
962 2830 1079 2913 quidem
1094 2830 1184 2910 sciet,

64 2950 159 2994 meam
176 2931 268 2993 luisse
284 2931 411 3015 sliquam
429 2935 596 3018 epistolam.
621 2931 681 2998 Sed
698 2954 739 2996 ex
748 2929 835 2996 lialbi
852 2933 978 3016 epistola
989 2933 1188 3018 peucauerbs

62 3030 267 3109 intellexerat,
285 3034 322 3095 ad
338 3056 413 3117 qnae
429 3038 586 3120 rescripsit
601 3037 646 3100 bis
662 3035 780 3099 uerbis:
812 3032 871 3099 ‘De
888 3031 1037 3099 Cicerone
1052 3046 1082 3099 tc
1097 3035 1187 3099 uideo

64 3134 199 3217 quiddam
220 3136 395 3219 scripsisse,
419 3137 495 3220 qnod
517 3160 573 3220 ego
589 3159 649 3200 non
664 3137 820 3214 intelleai3
842 3147 984 3218 quantum
1000 3148 1099 3200 autem
1115 3158 1185 3200 con·

10 3247 39 3300 m
62 3237 179 3299 iectura
203 3239 425 3321 consequebar,
448 3238 477 3302 id
494 3250 559 3303 erat
575 3238 739 3317 eiusmodi,
764 3249 799 3302 ut
813 3239 908 3321 magis
923 3239 1082 3322 optandum
1100 3257 1187 3321 qnam

64 3338 242 3421 sperandum
267 3340 422 3424 putarem'.
456 3339 557 3404 locum
579 3351 679 3405 autern
700 3339 781 3404 illiue
803 3341 841 3404 de
864 3359 918 3403 sua
942 3349 1075 3424 egestate
1090 3340 1187 3404 neeis
1286 3360 1292 3367 ·

64 3451 255 3523 aspernatus.
848 3462 851 3467 '

150 3541 237 3606 Idem
252 3542 330 3607 ibid.
348 3542 420 3623 III,
441 3544 478 3622 1,
497 3542 557 3609 182
589 3540 677 3628 Quod
698 3543 843 3608 interiore
864 3542 988 3626 epistola
1010 3543 1118 3608 scribis
1140 3565 1189 3609 me

64 3641 139 3707 ldib.
160 3641 244 3727 Sept.
261 3642 403 3729 Pompeio
425 3649 554 3730 legatum
577 3647 635 3725 iri,
657 3647 687 3710 id
708 3667 764 3732 ego
780 3667 839 3709 non
855 3645 954 3709 audiui
971 3646 1136 3729 scripsique
1152 3647 1188 3711 ad

10 3756 43 3810 lt)
67 3744 227 3812 Caesarem
247 3745 407 3812 Vibullium
424 3743 566 3814 Caesaris
588 3750 727 3814 mandata
742 3750 778 3813 de
793 3769 860 3813 mea
875 3749 1030 3812 mansione
1046 3748 1083 3811 ad
1098 3747 1189 3813 Pom-

67 3849 162 3926 peium
179 3848 337 3930 pertulisse
353 3869 409 3913 nec
424 3850 491 3935 [ad]
502 3846 643 3935 Oppium.
669 3845 738 3931 Quo
749 3851 896 3916 consilio?
911 3847 1111 3935 (Quamquam
1127 3848 1190 3936 Op·

70 3944 149 4026 pium
165 3965 221 4027 ego
237 3949 346 4029 tenui.)
362 3946 449 4032 Quod
465 3952 583 4035 priores
600 3944 699 4037 partes
713 3953 836 4018 Vibullii
852 3965 950 4017 erant.
968 3949 1046 4016 Cum
1062 3973 1098 4014 eo
1110 3952 1188 4014 enim

68 4065 168 4109 coram
185 4042 301 4110 Caesar
316 4064 432 4135 egerat,
449 4056 486 4117 ad
503 4052 630 4137 Oppium
646 4055 820 4137 scripserat.

176 4280 186 4331 l
197 4283 308 4349 epistole
321 4285 422 4353 nostre]
429 4285 522 4337 Missus
534 4289 607 4334 recte
616 4282 762 4335 Sebiitsius
773 4283 915 4348 epistolum
927 4280 1068 4331 Ciceronis
1078 4280 1115 4331 ad
1124 4283 1190 4334 Cae-

66 4373 155 4407 sarem
167 4358 200 4409 de
210 4362 353 4427 republica
365 4367 515 4429 scriptam,
528 4361 576 4411 sed
588 4375 641 4412 soa
654 4363 765 4410 missam
780 4357 835 4420 (od
845 4359 904 4410 Ate.
919 4357 986 4421 IIII,
1000 4359 1048 4420 tu,
1060 4359 1087 4408 3.
1102 4358 1149 4421 bl,
1162 4361 1189 4415 2.

65 4433 140 4499 XIII,
148 4438 192 4501 sl,
208 4439 218 4491 l
233 4439 286 4500 al.)
298 4441 463 4506 intellegere
475 4438 594 4490 uidetur.
621 4480 625 4493 .
733 4438 821 4501 elegos
834 4451 867 4486 ae
879 4440 910 4487 el
919 4450 990 4488 corr.
1006 4437 1077 4500 leges
1089 4451 1123 4485 oe
1135 4436 1190 4487 llIe·

66 4514 168 4566 diceus·
282 4508 418 4572 blittesei
431 4514 639 4581 consolatoriae]
653 4514 685 4565 de
698 4516 773 4565 obilu
790 4513 904 4566 I'ulliee.
1018 4514 1051 4567 2⁰
1065 4526 1122 4562 mes
1135 4511 1192 4562 Me·

66 4593 169 4658 diceus,
183 4602 212 4647 et
223 4611 282 4648 mes
293 4597 354 4650 edd.
470 4594 501 4648 st
517 4594 551 4645 sd
562 4593 678 4644 seclusit
689 4592 817 4645 Orellius.
930 4593 965 4646 32
975 4589 1082 4644 Vibullii
1096 4588 1142 4640 Ilo
1163 4604 1193 4639 u-

67 4674 134 4736 tius,
149 4671 235 4724 bibuli
249 4674 327 4727 codd.
430 4673 463 4727 33
476 4672 575 4725 Caesar
586 4670 738 4737 Manutius,
753 4670 868 4724 Caesare
880 4670 958 4722 codd.
