2646 5124
521 636 843 713 ocurrer-cc.
1216 582 1313 717 'mo

115 826 237 903 apertu
250 813 283 879 iu
298 813 366 881 salo
381 812 516 893 stabant,
527 814 662 880 incendit
676 826 708 881 et
718 826 861 900 penteres
870 815 943 879 duas
959 836 1072 880 uacuas
1088 818 1255 885 adelenso·

117 919 204 987 ribus
217 916 302 983 nullo
316 928 505 1003 repugnante
519 918 610 1003 cepit.
640 915 759 985 Cacsar
773 917 893 982 interim
908 920 1050 983 celeriter
1063 941 1117 1006 per
1132 924 1253 989 nuutios
1268 925 1313 996 13

118 1021 292 1094 incastris,
316 1042 384 1084 cum
401 1040 492 1104 opera
508 1020 699 1098 circumiret,
723 1021 837 1085 certior
852 1022 968 1099 lactus,
993 1044 1070 1105 quae
1091 1025 1251 1089 uberante

124 1134 216 1211 portu
230 1122 312 1189 utilia
327 1142 469 1207 passm
477 1131 525 1199 11,
536 1143 614 1205 equo
629 1124 762 1187 admisso
777 1124 898 1187 omissis
913 1124 1050 1189 omnibus
1065 1126 1157 1190 rebus
1172 1129 1251 1192 celc-

87 1240 104 1293 t
126 1226 206 1293 riter
213 1222 479 1311 peruenitLeptim
494 1225 595 1308 ibique
607 1226 756 1302 bortatur,
768 1246 873 1291 omncs
888 1238 922 1289 ut
938 1246 971 1289 se
987 1247 1082 1291 naues
1091 1249 1255 1314 couseque-
1269 1233 1291 1296 2

123 1338 244 1407 renturs
255 1328 390 1413 [postea]
398 1327 627 1413 ipseparuulnm
635 1328 818 1411 nauigiolun
825 1329 1012 1407 conscendit,
1022 1330 1052 1392 iu
1063 1351 1153 1394 cursu
1161 1330 1256 1414 Aqui-

118 1430 179 1497 lana
200 1430 391 1495 multitudiue
411 1430 534 1494 nauium
551 1435 745 1514 perterritum
760 1440 850 1512 atque
867 1431 1065 1515 trepidantem
1081 1444 1188 1497 nactus
1203 1434 1256 1497 bo-

122 1534 216 1600 stium
229 1533 357 1597 classen
371 1531 459 1615 sequi
473 1533 585 1616 coepit.
617 1528 743 1597 luterim
756 1531 860 1597 Varus
874 1533 1030 1598 celeritate
1043 1528 1188 1599 Caesaris
1203 1556 1256 1600 au·
1270 1536 1291 1601 3

122 1635 516 1717 daciaqneconsmotuacum
533 1634 676 1699 uniuersa
690 1636 787 1699 classe
802 1636 957 1699 conuersis
973 1635 1255 1702 nanibnsstmnc

67 1747 98 1805 11
121 1747 187 1803 tum
202 1756 312 1802 uersus
327 1736 430 1821 lugere
444 1737 610 1802 contendit.
636 1733 733 1819 Quem
742 1734 860 1804 Caesar
874 1738 906 1801 in
922 1737 1040 1803 milibus
1049 1759 1190 1822 passuum
1205 1750 1255 1804 1111
1269 1740 1292 1805 l

119 1848 303 1905 comecntm
316 1838 482 1923 reciperata
489 1840 694 1923 quinqueremi
710 1861 777 1904 cnm
792 1840 855 1905 suis
870 1840 1007 1904 omnibns
1022 1841 1150 1924 epibatis
1164 1853 1254 1926 atque

117 1942 206 2007 etiam
216 1941 347 2006 bustiun
362 1940 538 2007 custodibus
546 1952 646 2007 cm
659 1942 690 2007 iu
706 1962 743 2005 ea
758 1963 837 2007 naue
848 1942 942 2027 captis
957 1943 1110 2007 triremem
1123 1945 1253 2008 bostium

118 2043 299 2129 proximam,
310 2064 388 2127 quac
403 2044 435 2107 in
450 2046 644 2130 repugnando
660 2057 727 2109 erat
741 2056 937 2123 commorata,
951 2057 1091 2109 onustam
1106 2046 1252 2130 remigum

120 2146 367 2231 epibatarumqne
382 2147 473 2231 cepit.
498 2146 647 2231 Reliquae
661 2169 754 2213 naues
770 2148 898 2213 bostium
909 2150 1145 2231 promuntorium
1161 2148 1287 2234 supe-5

67 2258 102 2313 11
123 2258 231 2317 nrunt
253 2258 344 2330 atque
358 2246 558 2315 Adrumetnm
579 2252 611 2315 iu
632 2251 792 2315 cotbonem
814 2269 848 2313 sc
870 2250 1030 2313 uniuersae
1044 2250 1248 2314 contulemot.

74 2364 82 2375 “
122 2346 243 2417 ccccm
264 2350 369 2415 cotem
390 2362 483 2415 neuto
504 2354 741 2438 promuntorium
763 2370 907 2435 superare
928 2371 990 2414 non
1006 2352 1101 2434 potuit
1116 2363 1204 2434 atquc
1219 2350 1287 2416 inii

125 2450 194 2517 rulo
209 2450 241 2515 iu
256 2452 377 2517 ancoris
391 2474 428 2518 ea
444 2465 532 2518 nocte
548 2465 750 2521 commoratus
759 2455 854 2539 prima
869 2453 937 2517 luce
953 2452 1149 2515 Adrumetum
1165 2472 1252 2515 acce·

104 2546 167 2620 'tic
181 2554 282 2640 ibique
296 2555 425 2621 nauibus
440 2558 602 2635 onerariis,
628 2579 704 2643 quac
720 2568 808 2621 crant
824 2566 912 2621 extra
928 2555 1099 2631 cothonem,
1118 2553 1252 2617 incensis

120 2658 319 2742 omnibusque
341 2658 468 2743 reliquis
490 2660 528 2724 ab
542 2660 580 2724 iis
596 2672 649 2725 ant
663 2660 817 2725 subductis
831 2671 883 2723 ant
897 2659 929 2723 iu
944 2657 1103 2722 cotbouem
1119 2655 1253 2740 compul-

67 2768 101 2825 11
122 2759 168 2825 ais
181 2761 334 2845 paulisper
347 2772 567 2841 commoratus,
592 2763 617 2827 si
635 2764 711 2827 lorte
726 2763 839 2827 nellent
853 2762 951 2825 classe
966 2759 1121 2837 dimicare,
1145 2778 1252 2821 rnrsns

123 2882 159 2927 se
173 2866 287 2947 recepit
301 2863 332 2929 iu
346 2872 460 2927 castra.
483 2861 519 2928 lu
535 2885 571 2929 ea
587 2887 665 2930 nane
679 2878 784 2951 captus
799 2876 847 2930 est
858 2862 896 2929 P.
909 2862 1063 2941 Vestrins,
1079 2882 1172 2946 eques
1183 2860 1247 2925 llo·
1262 2860 1308 2932 bl

120 2984 243 3043 manus,
260 2976 292 3030 et
305 2962 343 3029 Ρ.
358 2962 503 3051 Ligarius
518 2967 716 3049 Afranianus,
738 2989 825 3053 quem
842 2966 1005 3033 Caesario
1021 2964 1165 3052 llispaoia
1182 2987 1250 3029 cum

121 3067 247 3152 reliquis
262 3068 436 3150 dimiserat,
459 3082 491 3133 et
505 3081 610 3154 postca
625 3092 661 3135 se
676 3069 901 3158 ad'Pompeinm
917 3071 1103 3146 contulerat,
1122 3070 1193 3135 inde
1207 3092 1249 3135 ex

121 3170 237 3252 proelio
252 3171 401 3258 effugerat
421 3172 454 3236 in
469 3174 663 3257 Africamque
678 3175 715 3238 ad
730 3174 844 3240 Varum
862 3184 1007 3248 uenerat3
1024 3192 1111 3252 qoem
1127 3171 1165 3233 ob
1181 3191 1249 3254 per·

67 3282 96 3337 ts
117 3271 189 3337 iurii
217 3274 369 3358 perlidiam
392 3270 510 3340 Cacsar
537 3277 625 3342 iussit
647 3279 761 3343 necari.
806 3274 844 3341 Ρ.
872 3274 998 3341 Vestrio
1020 3281 1140 3347 autcm,
1171 3271 1248 3352 quod
1263 3272 1285 3336 2

117 3374 185 3441 eius
199 3377 295 3441 irater
309 3376 427 3441 Romae
441 3379 596 3464 pecunia·
611 3380 785 3465 imperatam
802 3385 1027 3451 unmerauerat,
1045 3384 1076 3437 et
1091 3372 1168 3458 quod
1184 3372 1248 3456 ipse

229 3556 240 3607 1
257 3557 284 3607 in
297 3572 350 3609 our.
364 3574 391 3610 u.
497 3570 619 3628 penteres
631 3563 761 3628 Scaliger,
777 3565 940 3627 peutcrcmcs
953 3572 970 3605 ιι
983 3560 1010 3605 ct
1021 3557 1061 3604 sic
1073 3553 1118 3604 uel
1130 3554 1246 3620 pentirc·

115 3647 174 3683 rues
187 3632 204 3682 b
217 3648 232 3682 c
243 3632 302 3684 cod.
317 3632 381 3687 Vre.
394 3634 411 3687 3
423 3635 491 3688 dett.
618 3638 651 3689 nb
664 3655 700 3688 ex
714 3638 728 3688 1
740 3653 768 3686 ιι.
891 3636 907 3685 1
920 3632 991 3683 mille
1004 3646 1096 3699 passus
1110 3631 1135 3681 b.

115 3714 184 3760 unte
196 3724 263 3776 eqno
276 3710 339 3762 add.
353 3714 505 3765 conscendit
518 3715 555 3765 11
566 3714 658 3779 (Leid.
671 3730 725 3765 sec.
735 3712 827 3779 puto).
938 3711 954 3760 1
966 3710 1088 3760 bortatur
1100 3724 1116 3759 ιι
1129 3710 1166 3773 (ta
1179 3710 1244 3777 ort.)

115 3787 167 3853 cd,
182 3788 338 3842 bortabatnr
350 3791 384 3854 1,·
396 3791 518 3844 hortatus
528 3793 597 3846 dud.
607 3796 680 3844 coni.
693 3807 721 3843 ιι.
827 3786 920 3855 naues]
929 3804 1018 3840 onnes
1030 3787 1094 3839 cdd.
1110 3789 1135 3838 b.

116 3866 132 3918 b
145 3875 236 3933 postea
250 3884 268 3919 ιι
281 3871 296 3920 b
309 3886 332 3934 c,
348 3871 456 3938 primum
469 3889 497 3923 ιι.
510 3874 541 3923 Ρ.
555 3872 616 3927 22³.
723 3871 859 3940 pernulnm
874 3870 1030 3935 nauigiolnm
1044 3886 1072 3935 u,
1086 3869 1243 3934 nauigiolnm

114 3947 253 4014 paruulum
265 3964 295 3999 ιι.
411 3952 613 4013 lneuiumub,
628 3952 791 4017 nauigiornm
805 3968 831 4002 u.
949 3966 980 4000 ac
995 3951 1020 4000 b.
1132 3949 1243 3998 bostiu-

114 4020 310 4077 multitudiuen
322 4029 435 4081 classem
448 4046 466 4081 a
478 4037 514 4096 et,
528 4035 579 4097 qui
589 4031 685 4095 classo,
700 4032 726 4082 b.
831 4031 846 4081 s
861 4036 1002 4080 comnotus
1015 4044 1033 4078 ιι
1047 4029 1061 4077 b
1075 4044 1098 4091 c,
1115 4031 1200 4074 motus
1213 4039 1241 4075 ιι.

242 4103 419 4160 bladrimctnru
432 4126 458 4160 ιι.
572 4111 600 4162 11
616 4111 763 4176 reciperata
776 4125 802 4171 a,
817 4123 871 4159 ιιοιι
884 4122 972 4172 recnp.
1088 4102 1244 4168 quinquere-

114 4182 198 4249 mlsses
210 4198 239 4234 ι.
355 4190 411 4235 aula
424 4187 544 4238 omnibns
556 4200 582 4247 u,
596 4186 714 4236 omnibns
727 4186 781 4235 suis
795 4183 856 4233 cdd.
970 4181 1001 4234 12
1013 4194 1094 4229 naues
1106 4192 1134 4227 ιι.

116 4269 258 4331 tprrcncm
270 4278 298 4327 ιι,
311 4270 411 4315 turrem
424 4265 449 4315 1.
581 4265 613 4316 tt
624 4262 826 4330 promuntorium
840 4275 866 4309 ιι.
999 4258 1030 4309 lb
1043 4256 1203 4309 Adrimetum
1215 4275 1242 4309 ιι.

224 4342 377 4393 cbotboncm
390 4358 408 4393 ιι
420 4347 449 4393 et
463 4343 504 4393 bis
514 4342 649 4407 deinceps.
757 4339 788 4391 lb
796 4336 972 4405 promuntorio
982 4340 1010 4386 cl
1021 4336 1207 4388 cum-rim
1215 4352 1243 4387 ιι.

223 4418 429 4471 llencborisu.
554 4419 644 4470 eadem
659 4423 734 4467 nocte
746 4430 773 4479 ιι,
785 4414 876 4466 eadem
890 4413 931 4465 dic
946 4414 971 4463 b.
1092 4414 1243 4467 Adrimctim

116 4495 248 4549 acciditu.
390 4496 423 4550 11
435 4497 467 4547 ab
480 4496 504 4547 is
516 4512 543 4561 n,
558 4496 590 4547 ab
604 4496 644 4546 bis
659 4496 692 4557 1,·
706 4493 766 4545 aliis
779 4509 808 4545 ιι.
935 4492 965 4547 21
982 4489 1096 4544 Vistrius
1110 4495 1134 4543 b.

114 4575 285 4642 ”Ligurius
299 4578 324 4642 b,
339 4576 464 4647 Ligurius
477 4593 501 4625 c.
613 4574 737 4625 Afranius
750 4574 775 4623 1.
890 4572 924 4623 rt
934 4571 1033 4639 proelio
1047 4588 1076 4623 se
1089 4571 1114 4620 in
1127 4569 1243 4620 Airicatu

118 4653 152 4704 ad
166 4654 192 4705 b.
287 4654 320 4706 ob
333 4654 443 4721 periurii
457 4652 592 4721 perildlam
607 4654 621 4702 b
634 4653 650 4705 2
664 4651 741 4715 dell,
753 4650 841 4717 opponi
855 4647 916 4701 nrtai
929 4649 1086 4715 perfidioma
1094 4646 1146 4710 ,·ob
1158 4645 1245 4710 periu-

118 4730 184 4783 rium
196 4731 386 4799 pcrlldiamqnc
395 4732 484 4784 Aldus
496 4747 524 4783 ιι.
629 4730 664 4786 25
672 4729 802 4783 Vestriura
813 4746 840 4793 u,
852 4727 978 4780 Victrinan
992 4726 1016 4775 1.
