2646 5124
427 574 751 639 -245—

76 755 112 819 iu
132 772 209 817 ueru
232 760 264 814 et
284 748 403 834 capita'.
436 745 541 830 ltaque
556 749 630 813 baec
645 750 689 811 sic
705 748 908 812 conformanti:
937 746 1008 811 ‘lix
1029 749 1159 813 bostium

67 856 117 921 uis
132 864 270 931 seutaet
284 853 343 937 pila
358 872 412 936 pro
427 850 527 923 uallo,
551 872 605 934 pro
626 852 737 937 cespite
754 853 901 916 cadauera
917 851 1155 928 collocabantur,

67 980 149 1045 uper
173 956 298 1043 [occisi]
319 956 351 1018 in
373 953 540 1039 gladiorum
556 973 699 1016 mucrone
722 954 818 1039 capita
841 956 991 1018 bominum
1019 956 1157 1019 ordinata

67 1062 208 1148 oppidum
217 1078 367 1123 conuersa
378 1058 520 1121 uniuersa
529 1056 657 1119 bostium
665 1056 814 1119 timorem.
828 1108 831 1114 .
846 1105 852 1117 .
867 1057 886 1118 .’
903 1054 1004 1120 Occisi
1021 1057 1156 1121 illiama-

67 1178 119 1231 tro
142 1161 342 1227 cadaueribus
364 1160 487 1245 ascripti
502 1170 533 1222 et
547 1158 655 1222 deinde
670 1179 712 1222 ex
726 1160 861 1242 margine
884 1159 983 1222 alieno
999 1159 1066 1222 loco
1080 1156 1156 1223 illati

67 1278 102 1333 rt.
124 1263 203 1329 Post
218 1264 380 1327 ‘timorem'
389 1273 489 1327 autem
498 1283 573 1345 quae
582 1262 734 1345 leguntur,
752 1274 783 1325 et
792 1264 885 1325 lomna
895 1261 1042 1324 orationis
1050 1271 1157 1324 etsen-

67 1368 115 1435 tia
134 1370 226 1454 plane
247 1389 264 1429 a
286 1365 495 1450 superioribus
520 1363 694 1428 abhorrent.
733 1362 839 1447 ltaque
862 1365 909 1427 bic
936 1364 1080 1447 quaedam
1107 1363 1158 1426 de·

67 1492 89 1537 c
111 1470 297 1557 significaui.
341 1464 529 1531 Sentenn'am
556 1467 744 1551 superiorum
773 1467 933 1529 uerborum
962 1468 1005 1530 ita
1033 1467 1157 1551 explere
1224 1530 1227 1535 .

67 1594 200 1639 tumus:
224 1572 391 1635 ‘uniuersa
407 1570 536 1634 bostium
551 1569 689 1632 timorem
706 1569 876 1653 augebant’.
910 1567 1063 1633 Vniuersa
1078 1569 1157 1632 enirn

67 1686 166 1739 ututur
179 1696 230 1739 res
244 1696 338 1757 supra
352 1684 612 1750 commemoratae,
631 1672 739 1736 uallum
748 1692 790 1734 ex
805 1672 1002 1735 cadaueribus
1019 1681 1050 1735 et
1064 1670 1156 1734 armis

67 1788 174 1843 numm
187 1778 344 1862 capitaque
367 1775 474 1859 gladiis
490 1776 608 1838 suffixa.
639 1772 804 1857 Perperanr
825 1774 966 1858 deinceps
982 1787 1048 1857 post
1062 1772 1156 1836 uerba

67 1880 225 1962 indutisque
245 1880 394 1963 insignia’
417 1878 524 1941 lacuna
548 1886 652 1940 notata
674 1887 731 1939 est.
771 1874 850 1938 Nam
872 1875 1041 1940 rectissime
1064 1872 1155 1937 Pom·

67 1982 120 2047 aui
143 1982 267 2045 uirtutis
283 1981 415 2067 iusignia
429 1980 581 2064 proposita
598 1980 710 2043 uidisse
725 1979 882 2055 dicuntur,
911 1978 1050 2042 nimirum
1066 1977 1155 2042 cada·

67 2106 96 2151 a
109 2096 145 2149 et
158 2104 242 2147 mma
258 2104 379 2147 suorum
395 2104 412 2145 a
428 2078 624 2147 Caesarianis
644 2081 674 2144 in
696 2083 813 2145 modurn
830 2080 945 2163 tropaei
967 2082 1079 2144 circum
1102 2101 1154 2163 op·

69 2208 122 2251 um
139 2196 295 2271 aggerata.
324 2184 434 2268 Neque
455 2196 569 2249 tenuere
589 2206 636 2247 me
653 2185 761 2248 iecisse
776 2184 938 2259 existimo,
961 2184 1039 2263 quod
1062 2180 1154 2246 Peta-

67 2308 153 2353 uuum
175 2288 304 2351 codicem
325 2297 445 2351 acutus
471 2287 591 2364 ‘sunt’,
614 2287 691 2368 quod
712 2297 779 2370 post
797 2282 1013 2367 ‘circumplexi’
1029 2283 1151 2365 legitur,

67 2389 188 2453 laudum
202 2390 374 2473 significaui.
397 2388 465 2453 llac
480 2389 598 2452 ratione
614 2389 759 2471 apodosin
775 2410 792 2451 a
809 2387 910 2451 uerbis
928 2385 983 2448 ‘ita
998 2381 1089 2448 Galli
1105 2386 1153 2448 in·

67 2512 140 2573 ere,
157 2494 362 2557 coniunctiuos
373 2504 471 2556 autem
490 2491 649 2554 ‘uiderent'
664 2501 696 2553 et
713 2490 1045 2554 ‘circumcluderentur’
1061 2509 1154 2572 apar-

67 2596 115 2659 uln
140 2596 259 2669 ‘cum',
282 2616 358 2677 qnae
374 2614 440 2657 cum
455 2592 523 2661 aliis
540 2592 640 2656 uerbis
657 2592 764 2679 periit,
792 2602 877 2677 aptos
899 2590 997 2655 fnisse
1018 2599 1153 2655 statuen-

67 2718 92 2761 Ι
106 2709 167 2763 ab.

109 2796 150 2866 C.
165 2798 209 2865 ³4
222 2804 373 2880 refertur,
397 2824 461 2867 curn
485 2800 603 2868 Caesar
626 2812 725 2868 castra
746 2806 783 2868 ad
800 2800 970 2868 Cordubam
988 2802 1151 2887 posuisset,

68 2904 174 2991 oppido
188 2906 370 2969 discordiam
387 2916 482 2970 ortam
498 2927 568 2970 esse
583 2907 663 2970 inter
674 2903 877 2971 Caesarianos
893 2917 983 2990 atquc
993 2903 1151 2990 Pompeia·

67 3028 88 3073 ι.
119 3004 241 3071 Deinde
257 3008 287 3091 ς.
305 3008 326 3071 2
341 3010 414 3073 baec
429 3010 461 3072 in
477 3009 562 3071 codd.
580 3009 690 3092 scripta
703 3020 791 3073 sunt:
811 3008 922 3074 ‘Erant
936 3010 984 3073 bic
999 3009 1148 3093 legiones,

67 3128 95 3173 ru
109 3130 152 3175 ex
166 3110 304 3194 pertugis
319 3104 519 3195 conscriptae,
537 3111 643 3195 purtim
660 3111 873 3195 oppidanorum
889 3113 983 3191 serui,
1001 3112 1050 3195 qui
1064 3119 1153 3173 erant

67 3206 150 3277 luto
166 3206 310 3296 Pompeio
334 3214 523 3292 manumissi3
549 3214 597 3297 qni
621 3213 652 3274 iu
676 3209 820 3277 Caesaris
843 3216 1003 3277 aduentum
1025 3213 1152 3275 descen·

67 3332 91 3379 te
105 3324 287 3399 coeperunt.
312 3312 408 3399 Legio
422 3312 502 3378 Xlll
518 3315 656 3399 oppidum
673 3315 834 3378 defendere
850 3316 968 3398 coepit:
987 3335 1067 3391 nam,
1086 3332 1152 3375 cum

67 3426 326 3502 impugnarent,
352 3427 452 3482 turres
475 3438 514 3481 ex
537 3428 622 3502 parte
639 3426 668 3481 et
683 3438 799 3479 murum
815 3426 1010 3500 occuparunt.
1042 3412 1152 3479 Denuo

67 3528 140 3599 ptos
156 3518 192 3581 ad
207 3513 370 3583 Caesarem
386 3520 526 3595 mittunt,
551 3529 584 3582 ut
599 3520 655 3583 sibi
670 3520 807 3604 legiones
822 3518 955 3584 subsidio
969 3518 1152 3582 intromitte-

67 3640 80 3681 ·.
108 3618 181 3684 Hoc
203 3640 271 3685 cum
293 3622 569 3687 animaduerterent
583 3623 718 3687 homines
734 3623 872 3707 lugitini,
897 3623 1031 3707 oppidum
1046 3622 1150 3685 incon·

67 3740 93 3787 te
112 3727 288 3807 coeperunt’
312 3735 383 3788 cett.
423 3724 481 3789 llic
505 3726 597 3790 uerba
621 3726 736 3809 ‘quiin
753 3722 899 3790 Caesaris
920 3727 1081 3790 aduentum
1098 3724 1149 3789 de·

67 3824 166 3889 ardere
187 3828 364 3906 coeperunt'
388 3849 443 3910 per
465 3846 500 3891 se
521 3827 586 3909 ipsa
607 3830 724 3891 referre
748 3828 819 3891 licet
839 3828 876 3889 ad
892 3848 947 3906 ea,
972 3849 1048 3912 quae
1063 3826 1149 3890 initio

67 3926 184 4007 periuris
199 3926 306 4008 capitis
322 3939 497 4005 narrantur,
515 3947 580 3989 oum
596 3924 714 3993 Caesar
729 3925 900 3992 Cordubam
916 3930 1150 4015 appropinquas·

67 4044 161 4105 nos,
178 4027 230 4110 qui
246 4046 287 4090 ex
300 4026 463 4093 Mundensi
478 4030 593 4111 proelio
610 4050 646 4093 eo
662 4030 880 4113 confugissent,
897 4042 987 4114 ponte
1003 4040 1150 4114 occupato

67 4128 223 4194 marianos
237 4132 368 4194 transitu
384 4131 541 4214 probibere
557 4142 681 4196 conatos
698 4153 776 4197 esse.
803 4131 917 4198 Verum
932 4142 994 4195 tum
1010 4130 1149 4215 proxima

67 4242 183 4295 ¹absent
197 4232 412 4314 intellegenda,
433 4244 464 4296 ut
478 4235 558 4317 legio
575 4234 780 4299 tertiadecima
795 4234 933 4318 oppidum
949 4244 1055 4298 contra
1070 4227 1149 4295 Cae·

67 4328 157 4397 n‘nuos
179 4333 352 4397 defendisse
381 4335 545 4415 dicoretur,
561 4338 638 4421 quud
671 4348 775 4400 contm
806 4338 945 4421 perfugas
975 4344 1007 4399 et
1035 4331 1150 4397 liberti-

67 4450 81 4495 ι
111 4436 223 4500 luctum
255 4456 325 4502 esse
355 4440 513 4524 sequentia
534 4438 654 4503 docent.
700 4438 816 4504 Deinde
844 4438 938 4503 uerba
970 4443 1058 4499 ‘nam
1081 4454 1147 4497 cum

67 4540 319 4622 urepuguarent'
341 4550 484 4625 corrupta
506 4550 595 4605 sunt:
618 4562 715 4625 neque
737 4542 817 4606 enim
839 4541 889 4625 qni
911 4559 1008 4623 neque
1032 4538 1080 4599 cui
1102 4534 1149 4597 rei

67 4643 265 4723 ngnauerim,
282 4642 478 4727 intellegitur.
508 4642 618 4727 Neque
636 4645 734 4709 denuo
749 4641 964 4709 Cordubenses
979 4640 1095 4722 legatos
1112 4636 1150 4701 ad
