2646 5124
515 80 835 145 -187—

90 269 143 311 nus
163 251 319 326 discedit,
340 250 422 332 ‹pocid
439 262 505 334 post
517 252 977 334 ‘egerunt’adicitur‘Cassics’.
1005 260 1090 341 Quian
1107 267 1138 325 in
1155 265 1245 328 neit.

85 372 129 433 pr.
149 364 184 416 et
210 350 307 415 Scal.
336 354 452 437 scripta
475 365 558 431 sunt,
582 355 680 420 deleto
703 358 796 420 uerbo
821 362 969 441 ‘egerunt'
992 364 1102 445 optime
1118 364 1244 430 babent.

84 451 114 518 ld
138 456 269 519 illatum
297 467 351 520 est
374 477 391 519 a
412 458 572 541 magistro,
598 459 648 540 qni
669 480 704 522 se
724 461 754 522 in
779 462 867 544 paulo
881 463 1019 545 longiore
1034 468 1244 533 enuntiatione

85 578 145 623 neo
171 560 358 643 expediret
379 570 412 623 et
432 560 507 623 baec
530 561 567 624 ad
589 556 793 626 Caesarianos
815 566 975 628 referenda
991 568 1192 636 existimaret.
1216 570 1242 635 li

84 682 158 726 uero
175 663 278 746 plane
296 662 378 726 nibil
394 664 459 745 pari
474 673 567 745 atque
580 667 943 748 antearationeegercnt.
967 666 1047 731 Nam
1063 668 1240 752 Messanae,

86 786 158 847 quae
176 787 235 830 res
255 768 358 849 paulo
374 777 447 830 ante
463 766 559 830 relata
574 778 633 841 est,
651 789 689 830 ne
705 779 886 851 temptarunt
901 770 1018 851 quidem
1032 792 1126 835 naues
1142 774 1243 837 delen·

88 868 168 945 dere,
187 879 224 931 et
241 869 307 931 nix
325 869 469 953 oppidum
486 880 634 933 retentum
650 882 709 947 est,
727 871 787 947 liic,
810 883 845 933 ut
860 874 1000 956 deinceps
1016 875 1160 953 retertur,
1185 898 1244 941 non

89 972 178 1035 sulum
197 992 309 1035 nanes
327 982 477 1035 seruatae
499 982 580 1049 suot,
599 974 756 1036 sedetiam
774 970 901 1037 Cassius
918 996 983 1037 cum
1000 975 1182 1041 detrimento
1197 998 1245 1039 re·

92 1073 201 1157 mbos.
238 1070 373 1139 Contra
397 1071 526 1139 Cassius
546 1077 650 1138 eodem
674 1076 760 1137 modo
783 1086 873 1157 atque
894 1073 1058 1142 llessanae
1080 1080 1244 1141 secundnm

95 1186 194 1241 metus
220 1192 363 1241 uenturo
387 1198 484 1239 naues
507 1177 544 1240 ad
567 1178 708 1243 incendia
721 1178 888 1241 instructas
903 1179 1037 1241 immisit.
1063 1176 1124 1242 Sed
1140 1201 1245 1243 nume·

99 1298 157 1341 rnrn
170 1280 390 1365 quadraginta
406 1280 527 1343 naniam
543 1281 762 1358 onerariarum,
787 1302 860 1363 quas
876 1276 1003 1345 Cassius
1019 1282 1056 1345 ad
1072 1282 1245 1345 incendium

103 1394 298 1467 praeparatas
316 1382 486 1447 immisisse
501 1384 629 1460 dicitnr,
653 1384 756 1447 multis
771 1383 907 1465 partibus
924 1404 997 1448 nero
1012 1383 1157 1448 maiorem
1174 1404 1244 1447 esse

106 1494 133 1547 et
149 1506 189 1549 ex
212 1487 283 1570 ipsa
308 1506 349 1549 re
370 1496 498 1571 apparet
519 1497 550 1548 et
572 1506 614 1549 ex
637 1506 686 1559 eo,
712 1485 790 1568 qnod
805 1485 912 1549 dieam.
938 1484 1019 1550 Nam
1035 1481 1242 1551 &emmanue

107 1586 206 1651 elassis
221 1588 385 1652 dimidiam
407 1598 523 1671 partem
545 1586 677 1664 Vibone,
701 1588 851 1652 dimidiam
866 1586 1029 1653 Messanae
1044 1589 1140 1653 luisse
1155 1589 1242 1653 initio

108 1688 135 1751 b.
152 1712 179 1753 c.
198 1690 392 1753 declaratum
408 1702 469 1753 est.
494 1686 657 1754 Messanae
672 1682 771 1754 autem
788 1712 893 1754 omnes
906 1692 1241 1765 nauesineensaescnt,

112 1812 185 1873 quae
199 1794 324 1856 luerunt
337 1813 466 1857 numero
485 1788 627 1857 XXXV.
651 1789 758 1878 ltaque
773 1793 972 1878 qnadraginta
988 1793 1116 1855 nauibus
1131 1793 1243 1855 immis-

113 1896 155 1957 sis
175 1890 308 1959 Cassios
329 1896 385 1959 sibi
407 1895 473 1979 ipse
496 1916 550 1978 par
570 1896 780 1959 detrimentum
809 1904 900 1976 atque
923 1889 1050 1957 Caesari
1077 1894 1241 1957 intulisset.

112 1996 322 2062 Animaduerti
337 1998 480 2073 arbitror,
499 2019 565 2061 enm
587 1996 747 2060 Messanae
763 1992 892 2059 XXXV
910 2018 1004 2059 naues
1021 1994 1166 2061 Caesaris
1182 1997 1245 2059 lue·

112 2100 181 2175 rint,
197 2102 251 2165 uel
272 2102 407 2164 mamma
427 2101 580 2185 probabile
600 2120 667 2163 esse
682 2100 808 2161 alteram
825 2099 975 2162 dimidiam
993 2101 1100 2164 classis
1117 2111 1242 2183 partem,

114 2222 187 2285 qnae
201 2214 269 2267 erat
285 2202 420 2282 Vibone,
436 2204 635 2287 quadraginta
650 2201 769 2265 nauium
786 2203 891 2265 luisse.
928 2201 1033 2285 ltaque
1046 2203 1094 2266 bie
1106 2223 1166 2267 non
1183 2224 1245 2265 ma·

116 2306 163 2387 gis
181 2328 269 2391 qnam
285 2308 317 2389 5.
334 2306 358 2367 2
379 2326 536 2372 nnmerum
559 2305 680 2369 nauium
695 2326 713 2367 a
729 2297 839 2369 Cassio
855 2306 891 2369 ad
908 2306 1078 2370 incendium
1094 2305 1245 2369 immissa·

115 2430 176 2473 run
191 2412 378 2475 declaratum
396 2410 508 2495 putaui,
526 2410 580 2473 sed
597 2408 688 2473 uerba
703 2408 838 2471 ‘circiter
850 2408 1059 2493 qnadraginta’
1071 2420 1141 2494 post
1154 2428 1243 2494 snpe-

115 2512 194 2575 riora
217 2513 452 2598 ‘applicatisque
472 2513 584 2576 nostris
604 2512 641 2575 ad
664 2522 774 2574 terram
798 2510 932 2575 inanibus'
956 2513 1123 2590 collocaui,
1146 2524 1180 2577 nt
1196 2513 1244 2576 bio

117 2616 184 2679 ἥκω
199 2627 295 2699 atque
310 2616 340 2699 ς.
356 2615 379 2677 2
398 2636 538 2680 numeros
553 2615 674 2679 nauium
685 2609 1180 2699 Caesarianammsigoilicaretur.
1205 2611 1242 2677 ln

115 2718 234 2797 uerbis,
269 2738 349 2801 quae
369 2721 456 2802 paolo
475 2730 544 2782 ante
563 2718 595 2781 io
611 2716 699 2780 codd.
718 2715 877 2798 leguntur,
911 2716 977 2777 ‘sed
992 2716 1247 2799 opportunissime

119 2821 231 2885 annuis
261 2820 363 2884 allatis
384 2820 520 2905 oppidum
543 2821 600 2884 luit
626 2813 793 2882 delensnm'
819 2813 994 2899 bladuigius
1015 2837 1120 2898 opusc.
1145 2815 1199 2877 alt.
1217 2836 1246 2898 p.

116 2922 178 2989 222
194 2924 415 2989 demonstrauit
440 2923 517 2987 ‘luit'
534 2922 606 2986 lerri
622 2942 683 2984 non
700 2939 801 3003 posse.
825 2915 895 3003 lpse
911 2917 1068 2981 delendum
1084 2916 1245 2981 iudicauita

116 3028 203 3104 anibi,
231 3028 299 3111 poia
320 3028 426 3091 deinde
446 3027 526 3090 alind
547 3025 714 3089 subiectum
729 3022 871 3099 insertor,
891 3018 1073 3105 propabilius
1088 3018 1184 3085 nisum
1200 3030 1248 3083 est

119 3131 270 3216 ‘oppidum
291 3142 320 3193 st
343 3129 511 3193 delensum'
541 3150 559 3192 a
582 3122 717 3191 Caesare
738 3124 882 3209 scriptum
898 3124 1012 3202 ssime,
1043 3144 1084 3187 es
1099 3144 1158 3207 qna
1172 3122 1247 3187 sori·

119 3240 200 3317 ptura
217 3232 291 3297 aliis
308 3232 383 3296 loeis
397 3232 469 3297 illud
486 3232 564 3296 ‘luit'
581 3240 682 3293 natum
699 3249 770 3292 esse
785 3229 863 3291 idem
878 3226 1053 3311 llladuigius
1068 3226 1181 3291 docuit.

199 3332 242 3401 C.
263 3332 340 3414 1⁰5,
357 3334 472 3399 binter
487 3334 632 3419 prodigia,
656 3351 733 3414 quae
756 3330 913 3395 uictoriam
929 3326 1072 3395 Caesaris
1088 3326 1248 3413 portende·

121 3452 195 3518 rant,
215 3440 275 3504 boc
292 3441 442 3503 reterturz
461 3434 549 3501 ‘ltom
565 3434 719 3499 Trallibus
733 3432 764 3497 iu
781 3433 892 3516 templo
907 3430 1084 3507 Victoriae,
1102 3429 1152 3493 ubi
1168 3424 1249 3491 Cae-

121 3543 192 3605 saris
214 3551 349 3605 statnam
372 3548 644 3616 conseerauerant,
676 3535 773 3621 palma
793 3556 847 3619 per
870 3555 923 3598 eos
945 3533 1057 3597 diesin
1074 3541 1153 3595 teeto
1169 3530 1250 3592 inter

124 3656 299 3728 coagmenta
319 3644 447 3728 lapidum
471 3663 512 3706 ex
528 3642 699 3724 pauimento
715 3637 856 3701 extitisse
873 3634 1108 3700 ostendebatur'.
1136 3631 1250 3695 Verum

123 3748 210 3809 uerba
225 3747 281 3811 illa
298 3746 342 3809 ‘in
358 3744 448 3810 tecto'
464 3747 657 3829 refragantur
671 3738 870 3805 consentienti
887 3738 1057 3801 testimonio
1071 3734 1140 3797 Val.
1158 3730 1248 3795 blax.

127 3844 149 3923 l,
168 3848 203 3927 6,
222 3848 266 3913 12
281 3860 314 3912 et
334 3846 419 3913 Plnt.
437 3844 529 3911 Caes.
546 3846 601 3924 47,
619 3844 669 3929 qui
684 3843 812 3927 palmam
828 3840 884 3904 sub
900 3851 998 3904 statua
1016 3835 1162 3903 Caesaris
1179 3855 1252 3898 ena-

126 3958 178 4015 ta·
194 3974 266 4017 esse
281 3954 433 4017 referunt.
457 3949 564 4035 ltaque
579 3957 777 4034 nonpossunt
789 3945 908 4009 baeceo
918 3942 1049 4018 delendi,
1067 3937 1253 4022 quodetiam

129 4063 200 4119 tecta
223 4057 348 4142 pauisse
369 4056 510 4139 antiquos
533 4055 657 4131 scimus,
682 4051 711 4114 id
732 4048 811 4132 quod
834 4048 871 4109 de
886 4042 1105 4109 Alexandrinis
1120 4036 1202 4101 llirt.
1220 4035 1252 4097 b.

129 4154 218 4225 Alex.
233 4160 268 4239 l,
284 4160 307 4225 3
321 4160 429 4226 relect.
453 4157 562 4225 Potius
581 4155 677 4221 llirtii
697 4152 793 4218 uerba
816 4144 972 4229 ¹‘tectaque
991 4153 1064 4209 suut
1077 4139 1186 4204 rudere
1202 4144 1256 4203 aut
