2646 5124
448 112 586 180 COllll.
607 116 635 180 l'
653 115 746 180 (llll‘.
764 116 914 180 28-31.
1241 128 1302 193 365

113 288 254 352 militaris
271 287 419 351 extinctu.
450 286 607 351 Postremo
624 290 688 371 quis
706 290 760 351 hoc
775 289 831 351 sibi
849 288 1059 372 persuaderet,
1076 292 1144 357 sinc
1160 309 1244 361 certa
1259 299 1279 361 5

109 412 143 456 re
158 390 373 473 Ambiorigem
389 391 425 453 ud
441 391 585 454 eiusmodi
603 390 759 454 consilium
776 391 989 456 descendisse?
1013 391 1103 458 Suum
1119 407 1242 462 senten·
1257 398 1279 463 6

108 494 183 558 ua·
199 494 233 557 in
248 503 536 579 utramquepartem
553 512 622 557 esse
638 501 752 555 tutum:
778 494 805 555 si
827 492 902 557 nihil
915 505 999 559 esset
1012 496 1136 571 durius,
1159 500 1242 565 nullo

106 618 176 663 m
194 596 336 683 periculo
351 596 388 659 ed
404 596 569 680 proximem
586 594 734 678 legionem
751 606 968 678 peruenturos3
987 597 1014 660 si
1030 594 1131 663 Gellia
1144 604 1242 669 omnis

76 706 92 759 t
108 718 179 763 enm
196 694 365 763 Germanis
381 699 585 776 consentiret,
612 719 702 761 unum
719 718 788 761 csse
803 696 834 760 in
850 698 1007 762 eeleritate
1021 700 1147 783 posite·
1162 704 1242 769 selu·

106 812 184 867 ten.
202 796 320 865 Cottae
330 800 447 883 quidem
460 811 548 883 atquc
556 822 672 874 eorum,
690 800 739 883 qui
756 799 966 878 dissentirent,
984 802 1140 866 eonsilium
1155 826 1242 887 quem
1257 807 1278 872 7

105 904 224 969 habere
240 904 382 969 exitum?
404 903 436 966 in
459 925 518 986 quo
533 904 558 965 si
575 925 634 966 uon
651 922 795 985 praesens
811 903 995 984 periculum,
1020 916 1052 965 ut
1076 918 1158 969 certe
1180 908 1243 971 lon·

106 1008 225 1093 ‘inque
241 1005 401 1069 obsidione
415 1008 509 1069 fames
525 1015 607 1070 esset
621 1005 763 1067 timendo.
805 1004 871 1068 Hac
897 1005 928 1066 in
951 1016 1105 1091 utramque
1129 1022 1242 1093 purtem
1256 1011 1301 1082 30

107 1108 317 1194 disputatione
333 1107 453 1187 lubitu,
470 1128 535 1171 enm
551 1130 568 1171 u
585 1103 675 1171 Cotta
692 1107 855 1190 primisque
870 1107 1026 1171 ordinibus
1042 1111 1154 1173 acriter
1168 1112 1245 1176 resi·

67 1216 91 1275 ll
106 1220 262 1290 uteretur,
281 1210 431 1289 ‘uincite',
456 1211 569 1293 inquit,
588 1209 627 1271 ‘si
642 1209 685 1271 itu
701 1210 793 1273 uultis
803 1211 823 1287 ’,
843 1208 996 1289 Sabinus,
1025 1221 1056 1274 et
1071 1212 1099 1274 id
1115 1213 1244 1279 clariore

107 1334 212 1392 noce,
227 1324 261 1377 ut
273 1334 385 1397 magne
401 1334 469 1397 pars
484 1311 610 1375 militum
627 1312 806 1389 exaudiret3
834 1320 949 1395 ‘neque
966 1314 992 1376 is
1008 1317 1102 1391 sum',
1126 1316 1240 1398 inquit,
1258 1318 1280 1383 2

114 1416 182 1499 ‘qui
196 1416 377 1501 gnuissime
400 1436 440 1479 ex
464 1415 548 1478 uobis
564 1415 669 1477 rnortis
685 1413 820 1499 periculo
838 1425 973 1478 terreant
1003 1417 1033 1479 hi
1053 1419 1191 1501 sepient;
1215 1422 1243 1485 si

113 1518 240 1601 grunius
255 1518 326 1603 quid
342 1518 504 1596 occiderit,
529 1518 582 1581 ebs
599 1529 628 1579 te
642 1518 788 1581 rationem
806 1529 983 1600 reposeent3
1007 1520 1075 1602 qui,
1099 1522 1126 1585 si
1143 1543 1197 1606 per
1212 1520 1278 1587 ted

114 1618 227 1699 liceat,
252 1621 416 1705 perendino
432 1620 479 1684 die
495 1641 561 1683 cum
577 1620 723 1703 proximis
739 1620 872 1684 hibernis
888 1622 1037 1684 coniuncti
1055 1644 1241 1687 communem

68 1724 95 1781 tt
114 1741 185 1785 eum
199 1722 326 1807 reliquis
340 1722 408 1787 belli
424 1744 525 1787 cesum
541 1725 732 1801 sustineant,
759 1744 818 1785 non
839 1723 944 1786 reiecti
968 1733 995 1785 et
1014 1726 1138 1807 relegati
1155 1728 1243 1812 longe

116 1824 157 1887 ab
174 1824 290 1889 ceteris
304 1836 354 1889 eut
367 1826 446 1891 lerro
461 1837 513 1889 out
528 1828 605 1890 sunie
620 1823 794 1889 intereunt'.
820 1821 1023 1907 Consurgitur
1038 1846 1078 1888 cx
1094 1828 1240 1905 consili03
1256 1827 1299 1898 81

116 1926 369 2010 conprehendunt
382 1938 536 2012 utrumque
552 1940 583 1993 et
598 1938 705 2008 orent,
731 1949 769 1992 ne
790 1949 845 1990 suu
861 1929 1051 1992 dissensione
1067 1938 1097 1990 et
1112 1930 1244 2011 pertine·

117 2028 247 2093 eierem
264 2028 452 2095 insummum
474 2031 638 2115 perieulum
661 2031 827 2095 deducent:
853 2031 968 2095 facilem
992 2052 1060 2093 esse
1083 2051 1166 2108 rem,
1191 2030 1280 2095 seu2

119 2141 274 2209 maneum,
292 2152 347 2197 seu
362 2134 602 2217 proficiscentur,
619 2135 644 2197 si
660 2134 845 2197 modounum
858 2154 962 2196 omnes
978 2134 1112 2195 sentiunt
1125 2152 1161 2195 nc
1175 2154 1245 2217 pro-

72 2232 103 2293 ·2!
118 2230 207 2312 lente
232 2246 342 2299 contra
362 2236 394 2299 in
419 2235 608 2300 dissensione
634 2238 744 2300 nullum
762 2257 794 2299 se
810 2236 935 2299 sulutem
952 2236 1133 2318 perspicere.
1180 2232 1280 2300 lles3

120 2334 321 2421 disputatione
345 2338 382 2401 nd
405 2338 532 2401 medinm
555 2349 672 2402 noctem
695 2339 878 2424 perducitur.
925 2336 1060 2415 Tandem
1085 2338 1135 2402 det
1150 2335 1243 2403 Cotta

121 2450 271 2520 permotus
287 2460 416 2505 manus:
440 2451 565 2525 superat
579 2443 731 2505 sententio
749 2439 865 2506 Sabini.
913 2437 1128 2506 Pronuntiatur
1149 2442 1280 2527 primnd

121 2538 182 2605 lnce
205 2542 316 2607 ituros.
365 2540 561 2608 Consumitur
590 2544 700 2629 uigiliis
730 2544 845 2627 reliqua
867 2564 936 2628 pers
960 2544 1075 2622 noctis,
1099 2568 1164 2609 euin
1187 2567 1244 2611 sua

123 2644 242 2729 pieque
258 2645 347 2710 miles
362 2646 615 2730 circumspiceret,
634 2646 701 2728 quid
718 2667 820 2709 secum
836 2657 955 2728 portare
972 2658 1092 2729 posset,
1117 2650 1244 2731 quidex

85 2746 107 2803 ll
122 2744 317 2811 instrumento
334 2746 525 2812 lrilrernorum
540 2749 711 2830 relinquere
728 2758 899 2830 cogeretur.
940 2746 1050 2812 Omnia
1066 2750 1243 2832 excogiten-
1259 2747 1279 2812 5

126 2856 177 2927 tur,
195 2870 292 2933 quare
308 2870 364 2914 nec
379 2850 445 2915 sine
461 2851 595 2934 periculo
611 2859 785 2925 maneatur,
809 2859 838 2911 et
854 2850 998 2933 languore
1015 2849 1139 2911 militum
1156 2859 1187 2910 et
1200 2851 1246 2912 ui-

124 2949 193 3031 p'liis
212 2951 378 3035 perieulum
395 2964 552 3038 augeatur.
577 2951 678 3017 Prima
689 2954 755 3015 lutee
770 2951 812 3014 sie
827 2972 867 3015 ex
880 2950 988 3015 castris
1004 2949 1243 3034 proficiscuntur,
1260 2948 1282 3013 6

127 3063 153 3115 ut
163 3052 277 3137 quibus
293 3066 372 3119 esset
386 3077 559 3140 persuasum
573 3056 678 3119 nonab
689 3056 788 3133 liostc,
805 3055 857 3119 sed
873 3054 910 3120 ab
927 3052 1046 3117 homine
1062 3051 1245 3115 amicissimo

226 3263 239 3315 l
254 3264 413 3316 exstinctum
426 3265 465 3317 de
476 3264 606 3331 (extinctu
615 3268 659 3329 B).
741 3264 810 3332 lre]
824 3281 870 3333 spe
884 3265 932 3316 de.
1016 3264 1167 3315 descedisse
1180 3267 1244 3315 ante

126 3350 189 3389 m.
202 3340 238 3389 B.
334 3341 390 3393 din
403 3350 539 3410 utromque
552 3352 651 3411 purtem
666 3344 729 3395 ded
738 3361 767 3409 e,
782 3346 808 3396 in
822 3353 931 3411 utreque
943 3351 1017 3411 perte
1031 3345 1055 3393 B
1069 3344 1163 3394 ‘cetere'
1170 3342 1186 3393 '.

125 3416 220 3469 uellit
230 3424 306 3469 emt
319 3420 343 3471 B
357 3422 474 3486 ‘uteri',
490 3422 513 3471 si
527 3422 563 3472 nil
576 3422 611 3473 sit
625 3422 694 3472 ded.
844 3424 860 3472 l
874 3438 929 3472 eum
945 3438 997 3473 om.
1014 3421 1147 3471 Graevius
1161 3436 1187 3471 u.

126 3494 311 3547 denescetiret
322 3496 348 3547 B
360 3496 479 3561 ‘ceteri’,
495 3499 645 3550 consentiet
658 3498 730 3549 bed.
813 3498 829 3549 7
842 3499 938 3549 hebere
951 3500 1121 3564 Stephanus,
1136 3499 1245 3548 haberet

126 3572 196 3624 aa.
282 3590 333 3624 non
345 3581 409 3640 port
421 3576 564 3643 periculum
576 3582 684 3641 perirent
694 3577 718 3626 B
732 3578 804 3627 ‘nere
818 3578 903 3627 multi
909 3578 925 3627 '.
1004 3579 1078 3641 longo
1089 3595 1113 3628 e.
1184 3578 1200 3629 8
1214 3576 1246 3627 ti-

127 3648 212 3699 ιιιιὶι
224 3650 249 3701 B
263 3652 383 3717 ‘ceteri',
397 3654 605 3719 pertimescende
619 3653 691 3703 dde.
768 3651 827 3718 hoe]
841 3667 871 3702 rc
884 3654 916 3703 Β.
999 3655 1024 3703 in
1040 3662 1174 3719 utromque
1188 3666 1245 3718 per·

128 3728 170 3777 le·
183 3742 211 3789 ι,
227 3726 254 3777 in
268 3734 382 3793 utreque
396 3731 596 3795 perteB‘mu.
609 3730 712 3780 multi'.
805 3729 936 3795 ldiurpnid
948 3731 982 3780 B.
1073 3728 1244 3780 ltmiirtisin

127 3802 294 3865 pueritate.
365 3808 484 3871 supient3
498 3807 520 3857 si
529 3809 554 3857 A
562 3806 614 3858 BC
623 3807 646 3856 D
655 3822 686 3855 e:
699 3806 845 3872 sopientet,
860 3807 882 3855 si
891 3822 916 3855 u.
991 3807 1023 3857 ll
1034 3820 1117 3871 super
1129 3805 1248 3873 perendi-

127 3892 153 3927 ιι
160 3885 247 3947 ponit
257 3880 311 3933 adri
324 3883 368 3935 nid
382 3884 504 3952 temporis
518 3886 582 3951 (sic)
595 3886 628 3935 B.
771 3884 801 3935 15
815 3899 864 3934 uon
878 3885 967 3935 reiecti
980 3888 1024 3934 Bc
1039 3888 1112 3935 ‘rme
1126 3888 1182 3935 mer·
1197 3882 1244 3939 13⁸.

128 3972 169 4011 tec
181 3962 278 4013 reiecti
293 3962 344 4013 td.
435 3965 466 4016 ld
478 3964 647 4028 consurgitur
659 3961 702 4028 ex]
715 3978 772 4012 curn
786 3978 815 4013 se
830 3963 854 4011 d.
946 3962 975 4014 Π
988 3963 1202 4029 conprehendunt
1215 3962 1247 4009 Il.

230 4038 400 4093 ldsnmmntn
413 4058 509 4109 m.pr·.
523 4044 558 4095 A.
664 4042 697 4095 20
710 4041 734 4091 in
748 4040 908 4092 discessione
923 4042 947 4092 d.
1052 4044 1199 4095 eemunum
1214 4037 1247 4087 A.

228 4118 264 4173 23
277 4122 465 4173 eonerrmmltnr
477 4122 510 4173 B.
626 4118 727 4185 relique
740 4135 792 4170 orii.
809 4121 833 4170 d.
952 4120 985 4172 24
1000 4119 1094 4169 milites
1108 4134 1143 4167 m.
1155 4130 1201 4180 pr.
1218 4116 1247 4164 C.

231 4198 330 4265 portari
344 4199 424 4265 possit
438 4200 462 4249 d.
568 4198 601 4254 26
616 4195 717 4249 neside
732 4196 756 4245 l.
865 4194 1010 4259 longorel.
