2646 5124
498 548 801 616 ...44-

93 744 134 788 ex
148 722 228 788 bello
236 720 431 808 Hispaniensi
443 721 616 806 publicauit.
632 723 805 809 Adiungam
812 723 915 789 stetim
928 708 1005 788 dnos
1020 724 1141 791 codices
1156 727 1218 793 sia-

91 826 205 911 palaris
221 826 360 904 rationis,
375 824 530 890 Andinum
546 835 578 890 et
591 823 820 905 Osonieusem,
837 826 906 910 qui,
923 848 990 890 cum
1006 827 1070 891 siut
1083 828 1217 894 eiusdem

92 930 213 1013 generis
228 949 295 992 cum
310 926 535 1012 superioribus,
559 927 642 992 solos
665 938 764 992 tamen
786 929 1017 993 commentarios
1032 930 1071 994 dc
1085 929 1118 994 b.
1135 927 1216 999 Gall.

94 1032 214 1095 babent.
248 1030 313 1095 llos
339 1030 426 1113 (sinc
440 1051 519 1095 uuus
535 1042 583 1095 est
596 1031 733 1112 idemque
747 1031 866 1106 codex,
888 1031 965 1096 mire
986 1031 1067 1095 euim
1090 1052 1219 1097 eonsen-

93 1133 192 1213 tiuut)
216 1154 277 1197 uun
292 1134 388 1196 solum
403 1133 576 1218 superiores
591 1133 707 1210 critici,
730 1132 784 1196 sed
799 1134 889 1197 etiam
905 1130 1110 1198 Schneider-us
1125 1134 1219 1199 omui

93 1257 143 1299 um
158 1237 246 1300 buius
261 1236 391 1300 familiae
407 1236 496 1320 longe
511 1235 640 1319 optimos
655 1233 881 1310 iudicauerunt,
904 1246 937 1300 et
956 1246 1057 1299 tomen
1073 1235 1123 1301 bic
1136 1248 1219 1304 certe

92 1360 178 1418 raro,
195 1339 247 1403 nbi
262 1360 280 1402 a
294 1337 418 1420 reliquis
433 1337 584 1401 codicibus
600 1335 805 1415 discedebant,
822 1338 909 1419 sequi
923 1337 1080 1401 sustinuit.
1119 1336 1219 1407 Nimi-

92 1460 158 1506 rum
175 1441 206 1505 bi
221 1441 338 1505 codices
354 1461 414 1503 non
430 1438 527 1503 solum
537 1460 641 1504 omnes
656 1439 853 1523 interpolatae
867 1439 997 1504 familiae
1011 1441 1218 1507 correctiones

93 1554 183 1627 atque
197 1542 445 1628 interpolationes
461 1542 587 1621 babent,
610 1542 664 1606 scd
686 1562 782 1606 nouas
803 1553 959 1627 praeterea
978 1562 1071 1627 prope
1091 1543 1219 1609 alterum

94 1655 221 1709 tautum.
267 1641 354 1726 Quae
382 1644 547 1709 cuiusmodi
577 1644 658 1722 siut,
692 1664 733 1707 cx
761 1664 823 1708 uno
850 1642 917 1706 loco
939 1645 1113 1728 perspicere
1134 1644 1216 1711 licet.

93 1742 174 1809 Nam
189 1744 267 1824 Vll,
284 1744 347 1820 64,
372 1745 409 1822 1,
430 1768 497 1811 cum
512 1745 619 1829 reliqui
635 1746 754 1811 codices
769 1745 843 1810 baec
857 1744 1023 1810 exhibeant
1036 1746 1075 1810 de
1090 1742 1220 1812 Vercin-

94 1848 248 1933 getorige:
269 1848 332 1913 ‘ille
347 1850 476 1933 imperat
489 1848 615 1931 reliquis
630 1847 804 1913 ciuitatibus
819 1847 951 1913 obsides.
976 1846 1118 1932 Denique
1131 1850 1162 1915 ei
1175 1848 1220 1915 rei

95 1950 251 2014 constituit
272 1951 367 2015 diem:
401 1951 458 2013 buc
480 1970 585 2014 omnes
606 1949 723 2033 equites
742 1946 807 2016 XV
827 1949 910 2013 milia
932 1970 1058 2014 numero
1078 1952 1222 2016 celeriter

94 2053 258 2117 conuenire
272 2054 382 2133 iubet',
406 2073 483 2136 quae
502 2062 642 2137 conupta
657 2072 726 2115 esse
741 2050 925 2129 uidebimus,
948 2051 978 2116 bi
993 2053 1111 2139 egregii
1126 2064 1220 2121 testes

96 2155 169 2219 baec
185 2152 328 2220 Caesaris
344 2155 436 2219 uerba
453 2157 626 2239 proferunt:
652 2154 801 2237 ‘diemque
816 2153 894 2218 bello
909 2155 1087 2232 constituit,
1104 2156 1221 2240 equites

97 2278 137 2321 ex
153 2278 206 2320 sua
218 2259 342 2342 pecunia
352 2256 844 2340 utsingulosdenaricsaccipiant,
861 2257 1032 2321 constituite
1050 2257 1221 2326 bosomncs

97 2361 237 2423 celeriter
258 2361 341 2424 iubet
362 2362 555 2425 conuenire'.
594 2358 698 2442 ltaque
719 2360 774 2423 hos
794 2361 913 2423 codices
936 2369 969 2422 ut
991 2370 1085 2424 testes
1109 2382 1221 2445 nequo

97 2483 184 2543 quarn
200 2464 363 2527 audiendos
380 2462 494 2547 putaui.
533 2458 717 2526 Coniectura
732 2464 875 2544 quaedam
892 2483 945 2525 eos
962 2472 1045 2525 recte
1061 2464 1221 2529 emendata

96 2562 207 2626 babere
223 2586 283 2628 nou
299 2584 388 2648 nego.
426 2563 582 2628 Nonnulla
605 2577 704 2629 autem
727 2584 767 2627 ex
789 2563 956 2627 huiusmodi
972 2565 1074 2627 codice
1090 2567 1222 2652 ascripta

96 2677 168 2728 sunt
182 2666 310 2748 margini
326 2664 428 2730 llauu.
446 2689 492 2751 pr.
506 2713 515 2742 ,
541 2667 688 2750 habetque
705 2663 888 2731 Cuiacianus
912 2686 1030 2749 quoque
1046 2667 1222 2749 quibusdam

95 2764 170 2830 loeis
186 2768 301 2842 eadem,
318 2779 350 2831 et
364 2769 511 2832 consimili
527 2769 628 2832 codice
643 2770 740 2832 Aldus
756 2789 828 2832 usus
845 2779 903 2832 est.

181 2866 247 2931 llos
264 2870 382 2935 codices
406 2871 464 2934 alia
487 2872 580 2954 stirpe
602 2881 692 2953 atque
711 2871 847 2956 integros
863 2893 903 2935 ex
918 2872 983 2953 ipsu
999 2871 1100 2935 codice
1116 2873 1222 2936 ambe-

95 2979 166 3056 typo
181 2990 251 3033 esse
267 2970 409 3035 deductos
431 2971 479 3036 uel
501 2972 556 3035 hoc
577 2974 727 3047 ostendit,
751 2974 828 3056 qnod
849 2984 880 3037 et
895 2975 950 3037 soli
968 2969 1111 3037 Caesaris
1127 2974 1222 3038 libros

96 3072 133 3136 de
148 3072 227 3135 bello
243 3072 321 3136 ciuili
338 3093 499 3156 eorumque
514 3077 717 3159 supplementa
733 3086 895 3139 seruarunt
909 3085 940 3139 et
954 3077 985 3139 in
1005 3074 1090 3136 libris
1105 3076 1145 3139 de
1159 3075 1224 3141 bel-

95 3172 125 3238 lo
141 3172 259 3239 Gallico
276 3177 407 3241 delectus
423 3177 608 3261 integrorum
624 3179 759 3260 explent.
806 3174 867 3240 Sed
888 3179 977 3261 longe
998 3177 1131 3260 pluribus
1147 3180 1221 3243 locis

95 3278 297 3343 additamenta
314 3280 441 3358 habent,
463 3302 587 3364 quorum
602 3300 670 3365 pars
687 3301 747 3342 nou
763 3289 810 3342 est
824 3279 1008 3355 necessaria,
1028 3300 1097 3360 pnrs
1113 3281 1223 3344 certis·

94 3381 188 3445 simae
204 3385 318 3447 fraudis
335 3385 535 3461 conuincitur,
552 3385 623 3446 item
639 3384 707 3446 inde
723 3402 741 3443 a
756 3402 783 3444 c.
800 3378 844 3444 40
859 3381 926 3444 libri
943 3380 1027 3464 primi
1044 3381 1081 3442 de
1095 3381 1126 3444 b.
1138 3378 1220 3446 Gall.

96 3481 180 3561 (nam
197 3484 284 3548 initio
300 3487 464 3550 modestius
480 3496 577 3548 actum
593 3488 653 3566 est)
670 3483 782 3547 nullum
795 3493 884 3566 caput
900 3483 1144 3567 praetermissum
1160 3494 1220 3561 est,

96 3583 168 3664 quin
185 3604 218 3646 es
236 3587 405 3669 scriptura,
429 3606 517 3669 quam
532 3586 643 3669 integri
659 3586 745 3648 codd.
763 3595 981 3661 seruauerunt,
999 3583 1221 3663 immutaretur,

97 3684 165 3765 quia
180 3694 233 3746 aut
247 3687 388 3750 mendosa
404 3686 563 3751 uidebatur
582 3698 635 3751 aut
656 3687 755 3751 minus
777 3687 900 3769 elegans
916 3687 1080 3750 autminus
1095 3688 1221 3763 usitata,

95 3784 224 3869 denique
240 3788 320 3850 nullu
335 3789 493 3871 perspicua
508 3789 545 3853 de
560 3809 663 3853 causa.
708 3786 783 3852 Non
806 3809 899 3872 panca
920 3810 959 3852 es
983 3810 1019 3853 eo
1035 3809 1154 3871 quoque
1168 3808 1223 3874 ge·

95 3907 169 3952 nere
184 3898 272 3966 sunt,
296 3899 330 3952 ut
353 3888 522 3973 explicandi
546 3912 636 3955 causa
653 3892 783 3974 ascripta
798 3911 866 3954 esse
882 3902 1035 3976 appareat.
1081 3890 1223 3956 Audacia

96 3991 214 4075 quidem
230 4002 311 4054 tanta
327 3993 530 4075 conspicitur,
555 4004 589 4056 ut
612 3994 661 4057 uel
684 3993 802 4057 numeri
823 3993 973 4076 legionum
996 3993 1223 4078 spatiorumque

94 4112 195 4155 rerum
212 4105 301 4177 atque
317 4095 450 4158 lucorum
467 4096 576 4160 adiecti
591 4095 662 4159 sint.
708 4093 823 4158 Harum
845 4115 947 4158 rerum
973 4095 1111 4177 exempla
1126 4095 1224 4159 ascri·

95 4192 169 4258 bere
183 4216 439 4280 superuacaneum
456 4209 514 4273 est,
532 4220 597 4261 cum
614 4199 689 4261 adeo
704 4197 767 4260 siut
781 4197 961 4279 frequentia,
980 4196 1100 4259 stratio
1114 4196 1223 4259 borum

95 4294 182 4358 codd.
206 4297 238 4361 iu
260 4318 444 4382 quacumque
467 4312 550 4384 parte
573 4300 716 4363 librorum
741 4300 777 4361 de
799 4299 829 4361 b.
848 4295 928 4362 Gall.
954 4298 1071 4361 collatis
1088 4297 1177 4360 buius
1192 4308 1223 4361 et

95 4395 219 4462 alterius
234 4402 356 4485 generis
372 4403 529 4486 scripturis
545 4402 686 4465 facillime
708 4401 850 4484 cognosci
872 4411 973 4485 queat.
1018 4397 1133 4462 Partim
1157 4399 1224 4480 qui-

97 4498 163 4562 dem
178 4500 265 4565 buius
280 4503 498 4586 discrepantiae
520 4504 579 4567 iam
599 4503 631 4566 in
654 4503 756 4566 codiee
771 4503 934 4587 archetypo
951 4503 1044 4565 luisse
1059 4501 1222 4583 ascriptam

97 4610 129 4664 ct
142 4622 160 4665 a
175 4602 319 4688 scriptore
335 4605 446 4670 codicis
461 4604 647 4690 integrorum
663 4603 825 4690 principis,
847 4623 913 4666 cum
936 4624 972 4667 ea
988 4613 1103 4667 tuntum
1118 4601 1222 4667 excri-
