2646 5124
442 566 585 641 Gobffl.
601 569 618 637 1
639 570 736 640 CAP.
751 574 793 641 bb
804 574 902 641 -88,
1231 584 1297 651 ²7⁷

103 746 268 833 quotannis
283 746 468 831 penderentp
492 745 519 810 si
533 744 562 809 id
578 766 640 810 non
655 746 818 826 fecissent,
841 748 930 832 longe
944 749 982 813 iis
998 750 1165 814 fraternum
1183 774 1238 817 no-

108 870 175 917 meu
196 848 302 936 populi
325 846 458 912 Humani
477 848 640 912 afuturum.
678 845 769 932 Quod
792 850 849 913 sibi
864 846 981 915 Caesar
995 852 1189 917 denuntiaret
1203 854 1275 921 seb

112 952 306 1019 Haeduorum
329 950 458 1015 iniurius
478 970 538 1015 nen
558 950 786 1035 neglecturum,
809 954 957 1017 neminem
980 974 1081 1017 secum
1096 955 1164 1019 sine
1180 977 1237 1019 sua

114 1056 242 1141 pemicie
258 1054 465 1119 contendisse.
498 1049 573 1117 Cum
591 1054 701 1132 uellet,
724 1057 977 1140 congrederetur:
1002 1056 1274 1138 intellecturum,7

91 1160 172 1243 tenid
192 1156 303 1224 inuicti
328 1152 496 1233 Germani,
520 1157 765 1221 exercitatissimi
788 1158 818 1220 in
841 1159 952 1235 armis,
977 1160 1026 1241 qni
1041 1160 1232 1225 interannos

113 1270 181 1325 nnn
201 1270 321 1325 tectum
336 1280 400 1323 non
413 1257 585 1338 subissent,
603 1261 716 1324 uirtute
732 1271 867 1344 possent.
891 1260 1089 1326 Haececdem
1100 1272 1233 1346 tempore
1246 1263 1290 1333 8¹1

114 1358 234 1429 cumn
250 1363 397 1427 mandatu
412 1361 634 1440 referebantur,
652 1373 684 1426 et
698 1363 790 1444 legati
806 1364 844 1427 ab
860 1362 995 1429 Haeduis
1010 1375 1042 1427 et
1056 1386 1074 1427 u
1088 1362 1237 1429 Treueris

112 1467 289 1533 ueniebant:
308 1463 431 1530 Haedui
446 1476 596 1548 questum,
612 1464 690 1548 qnod
708 1464 861 1543 Harudes,
885 1467 934 1549 qui
951 1486 1048 1549 nuper
1062 1466 1094 1529 in
1109 1463 1274 1531 Galliumb

112 1567 307 1653 uumporcati
324 1576 442 1644 meent,
468 1568 543 1631 bnes
557 1588 661 1631 eorum
677 1569 908 1652 popularenturs
933 1590 1003 1634 sese
1026 1590 1065 1633 ne
1086 1569 1239 1633 obsidibus

76 1678 98 1733 n
112 1670 226 1755 quidem
247 1669 328 1735 datis
352 1689 458 1753 punem
476 1667 627 1734 Ariouisti
648 1668 796 1735 redimere
812 1672 964 1754 potuisse3
990 1670 1123 1736 Treueri
1140 1670 1275 1737 entend

113 1794 204 1860 pagos
217 1782 339 1839 centum
355 1768 526 1836 Succorum
541 1773 580 1837 od
593 1772 688 1856 ripam
704 1769 803 1835 Rheni
820 1774 1010 1850 consedisse,
1035 1774 1085 1857 qui
1101 1773 1240 1839 Rhenum

114 1875 244 1941 munire
257 1884 463 1953 conarentur,
487 1874 535 1939 bis
549 1894 692 1959 proeesse
706 1874 842 1940 Nasuam
867 1886 898 1939 et
912 1870 1096 1940 Cimberium
1113 1878 1237 1941 tratres.

112 1974 228 2063 Quibus
242 1977 337 2043 rebus
352 1974 472 2043 Caesar
486 1976 681 2043 uehementer
694 1988 859 2043 commotus
875 1980 1082 2043 maturandum
1097 1978 1155 2044 sibi
1172 1979 1240 2043 exi·
1255 1977 1276 2041 4

111 2080 259 2159 ttimnoit,
275 2102 328 2159 ne,
344 2080 372 2145 si
386 2102 468 2145 noua
483 2101 588 2144 mantus
603 2077 771 2145 Sueuorum
787 2102 852 2144 cnm
868 2081 1020 2145 ueteribus
1036 2082 1131 2165 copiis
1146 2080 1240 2145 Aric-

70 2194 94 2247 n
112 2185 186 2249 aisti
200 2203 274 2247 sese
288 2182 509 2259 coniunxisset,
524 2182 624 2247 minus
640 2184 728 2247 facile
742 2182 841 2247 resisti
858 2194 972 2267 posset.
1006 2180 1112 2265 ltaque
1125 2204 1161 2247 re
1177 2185 1241 2246 iru-
1257 2180 1277 2245 5

117 2284 275 2351 mentoris
294 2304 378 2367 quam
397 2284 554 2349 celerrime
576 2286 673 2369 potuit
692 2297 864 2371 comparata
886 2285 1003 2369 mugnis
1025 2286 1183 2348 itineribus
1204 2285 1240 2349 ad

115 2387 313 2455 Ariouistum
327 2388 486 2451 mutendit.
518 2383 597 2453 Cum
613 2389 702 2453 tridui
727 2390 806 2454 uiam
823 2389 1040 2474 processisset,
1070 2387 1238 2449 nuntiatum
1253 2384 1300 2457 88

116 2502 165 2557 est
179 2490 211 2555 ei
227 2489 413 2555 Ariouistum
428 2513 496 2556 cum
511 2490 575 2554 suis
590 2491 728 2556 omnibus
744 2494 838 2575 copiis
854 2493 890 2557 ad
907 2488 1113 2573 occupandum
1125 2486 1244 2553 Veson-

114 2594 244 2671 tionem,
261 2592 340 2676 pund
355 2602 405 2657 est
417 2593 554 2678 oppidum
570 2596 733 2659 maximum
749 2591 972 2677 Sequanorum,
990 2591 1175 2657 contendere
1190 2590 1243 2653 tri·

67 2706 97 2763 tt
116 2696 228 2781 deique
242 2696 323 2759 uiam
338 2718 357 2761 s
371 2696 435 2761 suis
450 2698 559 2762 tinibus
574 2699 752 2782 proiecisse.
776 2695 811 2761 ld
828 2718 866 2761 ne
882 2695 1045 2771 accideret,
1062 2712 1243 2777 magnopere
1258 2700 1279 2759 2

116 2799 177 2865 sibi
190 2800 433 2885 praecauendum
450 2796 567 2865 Caesar
581 2800 786 2865 existimabat.
825 2798 967 2882 Namque
982 2796 1112 2861 omnium
1127 2816 1242 2873 rerum,
1259 2793 1279 2859 3

119 2922 197 2987 quae
226 2903 263 2967 ad
295 2902 406 2967 bellum
435 2904 502 2967 usui
531 2914 637 2981 eraut,
664 2924 779 2967 summa
809 2914 876 2966 erut
903 2901 935 2965 in
964 2922 1001 2966 eo
1024 2900 1131 2985 oppido
1153 2898 1246 2963 facul·

119 3018 184 3084 tus,
200 3006 293 3089 idque
315 3014 421 3070 natum
438 3005 496 3070 leci
516 3006 561 3069 sic
576 3005 780 3083 muniebatur,
804 3017 838 3070 ut
860 3025 996 3089 magnum
1018 3006 1055 3068 ad
1078 2998 1283 3067 ducendumlu

118 3108 228 3174 bebium
252 3108 342 3173 duret
363 3108 550 3186 facultatem,
581 3118 739 3193 propterca
770 3108 846 3190 quod
877 3108 986 3170 dunen
1017 3106 1151 3189 [ulduas]
1182 3102 1246 3167 Du·

73 3220 100 3275 u
118 3210 161 3277 bis
198 3222 234 3275 ut
270 3211 385 3275 circino
420 3210 650 3275 circumductum
692 3228 787 3294 paene
830 3219 923 3271 tetum
958 3208 1096 3290 oppidum
1132 3205 1245 3288 cingit,

121 3315 269 3399 reliquum
293 3313 440 3397 spatium,
471 3315 548 3397 quod
575 3324 705 3377 estnon
728 3311 854 3395 amplius
878 3310 983 3392 pedum
1013 3302 1283 3379 sescentorum‚b

123 3436 180 3501 pos
195 3416 305 3481 bumen
319 3415 507 3497 intermittit,
537 3437 624 3481 mons
641 3413 777 3481 continet
791 3432 897 3497 magna
914 3408 1094 3488 altitudine,
1125 3406 1186 3485 ite,
1216 3415 1250 3470 ut

230 3712 243 3765 d
266 3712 344 3777 terge
356 3711 398 3762 bis
410 3712 435 3763 B
447 3716 477 3763 st
492 3716 600 3762 tuntum
612 3726 776 3775 aesomnes,
790 3710 867 3775 longe
880 3708 936 3760 illis
950 3709 975 3758 b.
1086 3702 1248 3756 creaturan

127 3790 270 3857 ΛΜΗ
283 3795 311 3841 et
322 3806 360 3840 m.
372 3806 426 3841 see.
440 3790 471 3854 0,
484 3790 623 3841 offuturum
636 3806 650 3840 e
665 3789 824 3845 ‘nonnuiist
838 3788 986 3839 obfuturum
1000 3784 1060 3853 (j).
1181 3784 1196 3834 b
1209 3782 1249 3833 io·

126 3869 262 3921 notissimi
277 3869 304 3919 b.
435 3870 505 3919 inter
521 3869 613 3921 Ans
622 3870 673 3932 bs,
695 3869 764 3918 intre
782 3867 834 3933 Bs,
957 3866 1031 3917 dxcv
1042 3864 1124 3927 (Btu.

128 3946 282 4001 i'freneris
294 3946 321 3996 A
326 3946 377 4013 Es
384 3947 479 3998 ‘multi
490 3948 536 3997 bie
547 3952 578 3998 et
588 3946 670 4009 dsta’,
683 3944 802 3997 Treuirbs
816 3945 863 4010 (B)
876 3936 904 3994 e't
915 3944 1013 4008 ubique
1025 3958 1051 3992 u.
1141 3940 1159 3991 8
1172 3952 1250 4005 quue·

127 4024 406 4077 mnasonem.
522 4022 707 4090 bne1n0n0.
824 4016 1140 4081 td'l'reueriABDEs.

130 4102 157 4157 ib
168 4104 211 4156 ht·
222 4104 251 4155 A
257 4102 342 4168 Bes,
356 4101 391 4152 iis
402 4117 431 4151 u.
552 4098 677 4151 Nstsnsm
690 4099 726 4150 D.
847 4098 878 4149 tt
891 4114 949 4149 enm
962 4100 1016 4147 iat.
1030 4109 1102 4145 um.
1116 4095 1142 4144 b.

128 4178 487 4233 tbeaeberrimeuatseorr.
503 4179 537 4231 B.
645 4178 676 4230 tt
691 4177 839 4228 nunciatum
851 4192 889 4227 m.
899 4191 945 4243 pr.
960 4176 995 4227 B.
1084 4173 1212 4227 eonon.
1227 4169 1252 4218 b.

231 4256 383 4327 profecisse
394 4259 421 4311 A
426 4260 453 4311 D
461 4260 496 4320 B,
511 4261 577 4309 item
589 4258 629 4323 B,
643 4260 674 4307 de
686 4271 740 4321 quc
752 4270 767 4306 e
778 4269 861 4320 super
873 4254 923 4307 tet
934 4270 962 4305 ss
974 4265 1057 4317 super
1068 4266 1082 4301 c
1095 4264 1133 4301 m.
1145 4264 1198 4298 see.
1206 4260 1258 4312 po-

128 4340 194 4399 suit,-
210 4335 381 4405 processisse
392 4336 575 4405 reseditque.
699 4331 814 4384 redderet
826 4346 948 4399 cuprum.
961 4329 1054 4380 attere
1066 4342 1082 4376 c
1093 4325 1127 4376 B.

131 4426 283 4482 nguepere
294 4430 420 4483 repense.
434 4430 451 4465 o
462 4420 528 4466 sato
540 4430 555 4481 p
568 4414 609 4477 B,
622 4425 716 4479 mosne
728 4426 805 4478 opere
818 4411 873 4463 Cn.
1004 4409 1039 4464 22
1053 4401 1178 4469 incultos]
1191 4398 1255 4449 ‹tid-

133 4492 210 4543 euttss
221 4492 305 4544 codd.
313 4496 428 4557 prester
439 4506 525 4543 naum
536 4494 566 4541 et
575 4489 695 4541 aiterum
705 4487 760 4539 det.
848 4488 884 4543 et
895 4485 989 4537 ulduno
1002 4482 1079 4534 dubis
1092 4480 1142 4545 Β]
1150 4484 1180 4529 st
1191 4490 1255 4525 eoa·

135 4569 246 4621 emerim
259 4568 400 4623 nonna
412 4568 570 4635 nitentque
578 4566 724 4633 piceiquep
744 4562 826 4615 Dubis
839 4561 977 4615 Volscius.
1098 4556 1132 4611 2⁵
1146 4553 1256 4603 cirm-

136 4645 228 4699 doltsm
243 4648 276 4701 C.
383 4646 566 4711 ttuonests.
673 4647 849 4693 sescentorum
864 4640 895 4691 B.
978 4637 1201 4695 muttum-pr·
1218 4628 1248 4683 H.
