2646 5124
502 550 804 621 ...33-

98 728 146 793 At
162 727 380 793 octaui'antcn
396 722 464 787 libri
478 722 592 788 calcem
616 722 649 785 in
664 722 767 787 eodem
783 716 924 787 Parisino
939 732 970 787 ct
984 719 1221 787 thtislaoicnsi

97 831 193 913 primo
215 833 231 911 <
240 840 272 894 et
295 829 362 893 sine
382 827 471 892 dubio
486 827 516 890 in
533 823 560 885 V
562 825 686 889 ossiano
696 826 796 909 primo
811 834 842 887 et
855 822 1073 908 Egmondano,
1097 844 1167 887 nam
1190 825 1221 889 in

97 930 308 1014 Bongorsiano
323 931 418 1014 primo
434 939 591 1004 extrema,
617 939 651 990 ut
672 928 863 1010 supradixi,
889 927 1066 1011 perierunt)
1089 925 1165 991 baec
1178 927 1221 992 lc·

98 1045 230 1118 guntnra
271 1030 383 1099 ‘lulius
404 1028 513 1097 Celsus
535 1028 754 1095 Constantinus
770 1028 810 1094 V.
830 1024 869 1092 C.
893 1030 954 1112 legi
977 1030 1122 1095 tantnm’.
1154 1028 1220 1095 lloc

98 1148 236 1201 extremo
251 1136 396 1200 uocabulo
413 1134 485 1198 nilril
501 1144 600 1216 potest
614 1133 692 1196 alind
710 1132 836 1195 indicari
851 1132 912 1197 nisi
934 1152 994 1195 non
1018 1134 1120 1215 plures
1140 1154 1219 1197 oom-

96 1239 261 1304 mentarios
276 1258 294 1299 a
307 1233 398 1301 Celso
414 1256 483 1299 csse
498 1237 593 1299 lectos
608 1256 695 1318 quam
711 1216 779 1299 octo
794 1234 923 1298 debello
939 1233 1069 1311 Gallico,
1086 1235 1133 1305 ita
1148 1235 1220 1301 ntis

96 1340 281 1424 prouinciam
297 1360 363 1402 cum
379 1339 438 1403 alio
454 1338 573 1401 bomine
587 1339 725 1403 uideatur
739 1338 867 1422 partitus
882 1356 970 1416 esse,
995 1338 1080 1403 cuius
1095 1358 1217 1416 nomen,

95 1464 162 1506 rum
177 1441 349 1526 interpolati
372 1441 492 1506 codices
513 1440 586 1504 nibil
601 1441 631 1503 in
647 1440 706 1504 lrne
720 1441 1004 1505 commentariorum
1019 1439 1219 1524 sumcnpmn

95 1545 242 1622 habeant,
264 1545 301 1607 ad
317 1565 449 1607 noanon
465 1544 614 1627 peruenit.
651 1539 687 1605 ln
702 1540 938 1607 thislanicnsi
953 1542 1049 1626 primo
1065 1537 1152 1607 Celsi
1166 1562 1222 1631 no·

94 1668 164 1712 men
179 1648 269 1711 etiam
291 1647 378 1710 initio
400 1647 493 1711 totius
514 1646 615 1729 operia
631 1646 759 1728 positum
775 1654 824 1709 est
838 1645 869 1708 in
884 1645 963 1708 buno
978 1644 1115 1709 modurnc
1149 1640 1220 1709 ‘ln-

95 1750 210 1834 cipinnt
230 1748 299 1811 libri
316 1747 385 1813 Gaii
408 1744 553 1813 Caesaris
574 1747 645 1811 belli
666 1744 775 1811 Gallici
795 1744 863 1811 lolii
879 1741 964 1811 Celsi
985 1747 1023 1810 dc
1043 1746 1219 1811 narratione

94 1852 288 1935 temporum',
307 1872 372 1913 cum
390 1849 421 1911 in
433 1847 644 1934 Bongarsiano
659 1850 752 1933 primo
768 1860 799 1913 et
809 1847 950 1914 Parisino
965 1848 1061 1932 primo
1075 1850 1218 1939 scriptum

93 1954 135 2018 sit
151 1953 241 2017 ‘belli
257 1950 366 2017 Gallici
382 1949 518 2017 luliani‘.
555 1951 658 2037 Atque
673 1952 819 2017 eiusmodi
834 1952 1061 2036 inscriptionem
1077 1953 1107 2017 ei
1121 1950 1219 2017 errori

94 2076 199 2120 ansam
216 2055 335 2119 dedisse
349 2065 495 2139 apparet,
512 2076 598 2138 quem
614 2057 692 2141 apud
706 2053 902 2121 Vincentium
918 2065 949 2119 ct
962 2052 1160 2119 Petrurcbam
1174 2052 1221 2119 ui·

94 2157 203 2221 dimus.
252 2154 314 2221 Sed
335 2156 385 2221 bic
407 2153 503 2221 lulius
528 2155 637 2224 Celsus
661 2177 760 2241 neque
782 2158 848 2240 quis
869 2158 962 2222 luerit
981 2176 1078 2240 neque
1100 2156 1219 2239 quando

94 2259 219 2333 uixerit,
237 2260 395 2343 quicquam
412 2272 596 2344 compertum
612 2270 678 2327 est:
695 2261 731 2323 de
743 2257 852 2323 Flauio
865 2258 988 2324 Licerio
1002 2256 1142 2323 Firmino
1154 2256 1219 2322 Ln-

93 2361 192 2445 picino
208 2361 370 2444 probabilis
385 2373 432 2426 est
446 2360 548 2427 lacobi
564 2359 717 2426 Simrondi
732 2363 906 2426 coniectura
921 2361 963 2441 (is
978 2360 1057 2423 enim
1073 2380 1124 2438 ea,
1144 2378 1219 2443 quac

94 2484 185 2546 supra
201 2464 375 2546 posuimus,
399 2464 431 2527 in
447 2463 597 2529 Vaticano
614 2464 718 2527 codice
734 2465 894 2528 inuenerat
908 2482 1053 2540 numero,
1071 2463 1101 2524 ni
1118 2461 1217 2536 fallor,

94 2575 141 2628 ter
154 2565 312 2631 millesimo
327 2565 578 2647 octingentesimo
593 2567 784 2650 sexagesimo
799 2568 947 2648 quarto),
971 2566 1064 2629 fuisse
1081 2583 1149 2627 enm
1164 2563 1219 2627 dli-

92 2687 142 2729 um
158 2665 346 2749 Euprepiae,
364 2667 479 2731 sororis
494 2665 643 2745 Ennodii,
661 2668 792 2752 episcopi
807 2665 999 2745 Ticinensis,
1016 2665 1143 2730 Arelate
1158 2667 1218 2730 ori·

92 2769 215 2840 undum,
241 2777 330 2849 utque
352 2769 425 2831 adeo
441 2770 497 2833 sub
521 2770 639 2833 initium
662 2771 744 2833 sexti
760 2769 870 2833 saeculi
886 2769 1016 2833 uixisse.
1063 2767 1136 2834 Vid.
1154 2766 1220 2833 Sin-

92 2869 195 2932 mondi
209 2878 299 2932 notae
315 2869 351 2932 ad
366 2867 487 2933 Ennod.
506 2893 535 2955 p.
553 2870 596 2935 78
611 2872 658 2934 ed.
676 2868 749 2934 Par.
769 2870 863 2933 11111.
889 2870 958 2935 Etsi
974 2871 1053 2934 enim
1070 2870 1141 2934 huic
1154 2868 1219 2934 Lu-

92 2971 192 3055 picino
216 2991 399 3054 praenomen
415 2969 521 3035 Flauio
537 2973 632 3037 luisse
646 2994 707 3036 non
724 2984 862 3051 constat,
887 2983 986 3037 tumen
1006 2972 1167 3037 Ennodius
1187 2973 1220 3037 in

93 3073 225 3137 dictione
240 3072 419 3137 scholastica
433 3074 548 3154 altera,
565 3097 623 3162 qua
638 3095 704 3139 eum
722 3076 751 3138 in
769 3076 918 3139 auditorio
934 3074 1057 3139 tradidit
1072 3071 1219 3138 Denterio

94 3182 134 3259 (p.
149 3173 215 3239 488
229 3175 276 3239 ed.
295 3171 419 3257 sirm),
436 3196 511 3241 auos
528 3179 593 3243 eius
608 3178 738 3263 appellat
753 3174 919 3240 Firminum
936 3175 1145 3254 etLicerium,
1163 3198 1220 3241 nn·

93 3278 129 3342 de
145 3300 213 3343 eum
228 3279 303 3342 hacc
318 3279 437 3343 nomina
463 3280 609 3346 asciuisse
624 3280 701 3346 scita
716 3290 763 3345 est
780 3276 931 3343 Sirmondi
948 3279 1092 3360 suspicio.
1138 3276 1221 3341 Nam

92 3376 232 3446 Flauium
248 3379 445 3465 Lupicinum,
471 3385 520 3463 qui
535 3406 616 3447 anno
631 3382 694 3449 367
710 3404 776 3446 cum
791 3378 897 3444 lonino
913 3382 1019 3445 consul
1035 3381 1108 3459 luit,
1133 3390 1221 3445 recte

91 3480 210 3544 uidetur
233 3479 464 3569 Oudendorpius
486 3485 620 3558 reicere,
644 3485 714 3566 quin
736 3482 886 3567 Lupicino
908 3485 941 3548 in
962 3478 1106 3547 Caesaris
1128 3481 1218 3549 codd.

92 3579 151 3643 uiri
167 3582 325 3645 clarissimi
341 3585 472 3667 dignitas
491 3607 551 3648 non
567 3585 719 3650 tribuitur.

176 3679 241 3747 lam
264 3685 319 3747 etsi
350 3686 382 3749 in
404 3686 594 3769 interpolatis
617 3688 770 3752 codicibus
794 3697 915 3772 praeter
937 3683 1166 3769 Scaligeranum
1189 3694 1224 3749 ct

92 3784 243 3849 Audinum
259 3796 350 3867 atque
365 3783 592 3865 (laoniensem,
618 3790 654 3851 de
676 3788 784 3870 quibus
806 3798 882 3870 quae
898 3789 1042 3853 dubitatio
1058 3796 1140 3853 esset
1155 3808 1221 3853 mu·

94 3888 162 3960 nui,
187 3887 306 3951 nomina
321 3884 389 3951 lulli
406 3884 489 3952 Celsi
512 3886 669 3974 Flauiique
684 3889 825 3973 Lupioiui
849 3913 910 3955 non
933 3893 1092 3973 leguntur,
1117 3901 1222 3955 tamen

92 3999 175 4053 recte
190 3987 327 4055 erittio
343 4010 447 4053 omnes
463 3989 582 4054 codices
600 3989 755 4070 Caesaris,
766 3993 826 4074 'qui
842 4002 1016 4076 supersunt,
1034 4013 1074 4056 ex
1090 4012 1152 4055 uno
1168 4012 1222 4057 oo·

93 4090 219 4172 demque
236 4091 401 4173 exemplari
417 4102 554 4155 extremo
570 4093 647 4159 libro
663 4093 740 4160 Vlll
754 4097 791 4159 de
805 4095 883 4159 bello
900 4092 1017 4158 Gallico
1033 4103 1174 4157 truncato
1188 4102 1224 4157 ct

92 4191 213 4254 omnino
229 4193 304 4256 satis
320 4195 464 4258 mendoso
487 4195 632 4280 originem
655 4199 765 4262 ducere
782 4198 838 4260 uisi
854 4208 934 4260 sunt.
981 4193 1015 4258 ld
1035 4206 1156 4260 constat
1177 4214 1222 4259 ox

93 4292 178 4376 copia
195 4314 254 4355 non
270 4296 381 4380 exigua
404 4296 672 4363 additanreutorum
688 4310 719 4363 ct
734 4301 858 4363 aliorum
876 4298 1068 4375 mendorum,
1093 4319 1172 4381 quae
1186 4299 1221 4363 in

93 4396 231 4459 omnibus
246 4397 448 4479 reperiuntur.
486 4397 545 4462 llic
568 4403 685 4479 codex,
710 4423 797 4484 quem
819 4401 1015 4484 archetypum
1032 4400 1166 4465 dicemus
1181 4401 1220 4465 li-

92 4507 152 4574 cet,
170 4497 196 4559 si
213 4519 286 4561 uera
301 4510 349 4561 est
366 4495 517 4564 Sirmondi
533 4503 569 4565 de
585 4498 734 4587 Lupicino
750 4504 913 4581 sententia,
930 4512 1027 4585 nequo
1043 4512 1134 4565 sexto
1149 4523 1220 4567 sac·

93 4599 160 4662 culo
175 4600 325 4684 antiquior
338 4602 393 4665 luit
407 4623 505 4683 noque
520 4615 627 4669 octauo
641 4607 785 4671 inferior:
808 4606 880 4669 noni
895 4605 976 4668 enirn
990 4605 1104 4669 saeculi
1119 4605 1219 4669 codex
