2646 5124
58 22 1148 341 --

432 620 756 687 -tao-

57 804 170 869 ionem
187 796 337 884 corrupit.
384 794 471 861 Haeo
489 795 583 883 igitur
596 794 690 859 uerba
705 794 748 858 ita
761 795 873 880 scripta
887 807 975 876 suut,
1001 806 1086 884 quasi
1102 826 1153 871 su-

57 908 191 975 ioribus
207 912 354 967 accurate
368 899 548 965 declaratum
565 908 666 977 esset,
689 899 758 981 quid
774 896 869 963 Curio
890 914 973 965 osset
988 906 1150 987 pollicitus.

57 1012 134 1077 inde
151 1006 316 1091 sequentis
332 1004 438 1089 eapitis
454 1003 570 1067 initium
592 1000 750 1087 ‘Magnum
768 1001 822 1065 boc
846 1004 1048 1069 testimouium
1065 1030 1153 1073 sena-

57 1138 61 1179 ι
81 1123 155 1181 erat
179 1108 322 1176 uniuersi
350 1106 595 1189 conveniensque
618 1103 766 1187 superiori
789 1104 881 1167 laeto'
909 1117 980 1169 cett.
1005 1110 1076 1174 nibil
1100 1112 1152 1177 lta-

57 1218 120 1283 t'in
143 1211 378 1299 superioribus,
402 1229 462 1292 quo
483 1209 650 1284 releratur,
676 1228 743 1270 oum
764 1216 901 1271 senatum
918 1206 1061 1277 Curionis
1082 1234 1151 1279 seu·

57 1322 141 1385 utiam
159 1316 249 1401 sequi
267 1313 401 1378 uoluisse
417 1310 665 1375 nondeclaratum
681 1311 731 1373 sit.
755 1306 788 1373 ld
804 1320 903 1373 autem
919 1311 960 1373 ita
977 1313 1070 1377 luisse
1085 1317 1153 1382 iude

56 1420 259 1507 tellegendum
275 1430 336 1494 est,
354 1416 433 1498 quod
448 1412 586 1479 consules
601 1434 665 1477 rem
681 1412 811 1477 artificio
828 1423 941 1476 tantum
958 1417 1154 1483 moderando·

56 1522 279 1591 ediscussisse
294 1520 445 1583 dicuntur.

104 1728 186 1797 Cum
202 1726 277 1792 finis
294 1724 396 1789 oetaoi
411 1722 481 1788 libri
495 1724 531 1788 de
546 1720 749 1787 belloGallioo
759 1722 896 1807 perierit,
914 1724 1078 1790 dubitatum
1094 1741 1152 1807 est,

56 1854 125 1899 ren
139 1830 261 1897 Hirtius
284 1828 489 1895 narrationem
512 1846 605 1909 usque
627 1827 664 1889 ad
680 1846 734 1902 ea,
759 1844 835 1908 quae
858 1827 944 1891 bodie
966 1829 1053 1893 initio
1074 1853 1154 1895 oom-

56 1936 242 2003 entariorum
257 1933 298 1997 de
311 1931 390 1997 bello
399 1928 482 1993 ciuili
498 1929 650 2013 leguntur,
667 1930 871 2013 perduxisset,
888 1952 926 1992 an
942 1933 1031 1996 etiam
1049 1934 1154 1999 borum

56 2040 109 2105 itio
123 2037 275 2123 quaedam
297 2033 460 2120 perissent.
496 2031 597 2115 Atque
612 2032 668 2096 boo
684 2030 795 2096 Vossio
812 2043 842 2096 et
857 2030 1041 2119 Glaudorpio
1057 2038 1154 2101 uisum

55 2152 83 2221 tt,
100 2142 174 2225 quia
189 2160 253 2203 non
268 2136 433 2203 eredebant
440 2130 603 2199 Caesarem
619 2136 656 2199 ab
672 2135 717 2199 bis
733 2135 847 2199 uerbis:
867 2134 1004 2201 ‘Litteris
1011 2136 1155 2205 Caesaris

55 2244 205 2309 mentibus
220 2240 342 2305 redditis
357 2258 450 2321 aegre
465 2237 502 2299 ab
517 2237 554 2301 iis
569 2238 760 2323 impetratum
776 2249 823 2301 est
838 2258 952 2302 summa
968 2240 1156 2306 tribunorum

55 2346 127 2411 lebis
142 2342 348 2421 contentione,
366 2352 399 2405 ut
413 2342 445 2404 in
461 2350 566 2403 senatu
582 2341 803 2417 recitarentur',
822 2341 859 2401 ab
875 2340 921 2402 bis
936 2342 1029 2425 igitur
1043 2340 1157 2407 Caesa-

55 2468 94 2513 om
110 2446 230 2511 initium
245 2446 389 2509 laetarum
406 2443 513 2519 luisse,
530 2443 572 2505 ita
581 2454 615 2506 ut
630 2464 738 2527 aetrno,
756 2444 947 2527 quamobrem
963 2444 1094 2509 misisset
1110 2446 1159 2509 lit·

55 2570 123 2626 m,
141 2570 255 2633 neque,
273 2568 349 2631 quas
364 2544 557 2609 condiciones
571 2546 610 2609 iis
626 2547 741 2611 senatui
758 2548 887 2637 tulisset,
906 2547 1083 2611 declararet.
1115 2548 1159 2613 At

55 2672 197 2719 marem
220 2670 283 2715 non
305 2662 398 2713 totam
419 2668 539 2711 eausam
555 2650 653 2713 ciuilis
669 2650 867 2713 dissensionis
883 2651 1062 2735 exposuisse
1077 2663 1159 2715 oeta-

55 2776 84 2821 rs
99 2754 198 2819 Hirtii
213 2752 448 2817 commentarius
463 2752 500 2815 de
516 2752 593 2816 bello
610 2750 726 2816 Gallico
743 2753 842 2827 docet,
860 2755 910 2836 qui
926 2766 992 2817 acta
1008 2756 1038 2820 in
1055 2756 1110 2819 bac
1125 2778 1160 2821 re

54 2858 140 2923 ennio
156 2852 319 2941 Sulpicio,
342 2852 389 2917 bl.
407 2852 554 2918 Marcello
578 2855 750 2919 consulibus
766 2866 797 2917 et
812 2857 910 2919 omuia
929 2858 991 2921 lere
1006 2860 1159 2942 sequteutis

54 2961 99 3025 nei
114 2968 301 3045 persecutus
324 2968 381 3021 est.
420 2954 482 3019 lam
506 2970 642 3022 extrema
667 2978 717 3021 res
740 2960 817 3042 apud
834 2958 966 3023 Hirtium
982 2984 1009 3025 c.
1028 2962 1069 3026 55
1085 2964 1159 3029 tneo

54 3072 183 3140 mter,
203 3061 282 3125 duas
296 3060 431 3143 legiones
446 3081 464 3122 a
479 3057 613 3125 Caesare
628 3062 771 3125 remissus
787 3058 886 3145 porC.
904 3062 1081 3128 Marcellum
1098 3062 1158 3127 Ca.

54 3162 175 3251 'enpeio
192 3164 320 3227 traditam
336 3173 425 3246 atque
439 3164 472 3227 in
487 3160 574 3227 ltalia
591 3173 726 3226 retentas
742 3184 821 3225 esse.
867 3164 933 3229 Hoc
954 3177 1053 3229 autem
1076 3168 1162 3231 exitu

55 3268 113 3343 nni,
131 3286 195 3351 quo
211 3262 255 3328 L.
271 3262 408 3341 Paullus,
426 3260 465 3329 C.
483 3264 648 3329 Marcellus
663 3264 802 3327 consules
819 3266 958 3344 luerunt,
984 3280 1100 3353 gestum
1117 3278 1165 3331 est

54 3370 119 3435 mlo
133 3380 209 3433 ante
224 3364 296 3431 Idus
303 3365 485 3431 Decembres
500 3372 514 3441 (
517 3390 583 3432 nam
594 3364 701 3444 Curio,
720 3386 806 3449 quem
823 3378 884 3430 tum
901 3368 1023 3431 alluisse
1039 3368 1162 3447 scimus,

54 3482 101 3539 oet
122 3471 216 3556 paulo
238 3482 361 3552 peraeto
383 3472 536 3535 tribunatu
553 3471 703 3554 protectus
725 3479 772 3533 est
786 3469 822 3533 ad
839 3467 1041 3549 Caesaream
1066 3492 1165 3555 neque

53 3576 193 3659 nioquam
208 3571 336 3656 amplius
351 3572 387 3636 ab
403 3573 463 3637 illis
478 3572 651 3635 consulibus
666 3582 764 3636 actum
780 3584 838 3637 est.
870 3572 942 3637 Vid.
961 3569 1051 3639 Cass.
1071 3572 1161 3638 Dion.

53 3672 116 3756 Ha,
135 3674 180 3740 64
194 3710 240 3725 -
253 3672 307 3737 66.
340 3672 444 3759 ltaque
458 3677 540 3740 iuter
554 3696 601 3751 ca,
620 3695 695 3758 quae
711 3678 788 3759 apud
798 3677 926 3741 llirtium
943 3688 1116 3763 supersunt,
1134 3688 1165 3741 et

53 3779 153 3845 titium
169 3776 316 3843 librorum
339 3778 376 3841 de
397 3780 476 3843 bello
497 3778 580 3841 ciuili
603 3778 674 3842 nibil
691 3778 793 3858 deest,
818 3802 905 3863 quam
927 3782 1007 3864 ipsas
1028 3781 1095 3844 illas
1117 3779 1165 3842 lit-

53 3902 137 3961 eres,
160 3898 241 3969 quae
256 3878 305 3942 bio
320 3891 604 3957 commemorantur,
628 3903 646 3945 a
662 3878 796 3948 Caesare
817 3886 924 3949 missas
939 3906 1019 3947 esse.
1068 3878 1166 3963 Quam

53 3982 142 4047 ensi
158 3976 322 4045 aCaesare
336 3986 504 4067 expositam
514 4005 582 4049 esse
599 3988 769 4066 statuimus,
787 3988 860 4051 nibil
871 3988 1069 4068 relinquetur,
1088 3981 1167 4065 quod

53 4086 113 4169 tend
128 4084 267 4149 Hirtium
282 4085 382 4168 perire
397 4089 560 4170 potuerit..
583 4085 721 4152 Litterae
737 4099 836 4151 autem
853 4086 996 4153 Caesaris
1013 4088 1043 4149 iu
1060 4094 1169 4148 senatu

53 4188 168 4253 natiue
183 4194 259 4249 sunt
274 4186 348 4269 ipsis
364 4184 506 4253 Calendis
522 4187 690 4263 Ianuariis,
713 4202 747 4254 ut
762 4188 888 4255 Cassius
904 4188 963 4254 Dio
984 4190 1078 4252 relert
1091 4181 1171 4248 XLl

52 4290 81 4353 ir.
109 4288 146 4355 ld
162 4310 241 4353 nero
256 4288 343 4371 plane
359 4292 503 4355 conuenit
517 4288 661 4357 Caesaris
676 4294 899 4370 consuetudini,
917 4293 965 4375 qui
983 4289 1171 4376 singulorum

52 4412 188 4459 tenorum
204 4391 340 4474 singulos
357 4394 589 4459 commentarios
604 4416 784 4480 componere
798 4396 934 4467 solebat,
960 4394 988 4456 id
1005 4390 1084 4475 quod
1099 4388 1172 4453 Hir·

52 4494 97 4559 tins
111 4504 334 4559 commemorat
349 4494 445 4571 t'lll,
461 4496 521 4572 48,
540 4494 600 4560 1⁰:
618 4518 636 4559 a
653 4519 710 4581 qua
725 4496 940 4561 cousuetudine
956 4492 1049 4558 semel
1064 4492 1108 4555 ita
1123 4509 1174 4552 re·

52 4598 142 4675 oensit,
161 4608 197 4661 ut
212 4616 264 4661 res
278 4598 375 4682 primo
390 4620 471 4663 anuo
486 4598 557 4663 belli
572 4599 671 4662 ciuilis
687 4610 789 4682 gestas
805 4600 842 4663 ob
858 4598 974 4683 copiam
999 4596 1031 4657 iu
1047 4592 1122 4653 duos
1138 4588 1175 4651 li·

52 4714 109 4765 tros
124 4699 338 4777 distribueret,
355 4720 481 4787 qnorum
497 4712 598 4767 tamen
611 4703 690 4766 alter
697 4702 841 4787 pleraque
856 4698 894 4763 ab
909 4698 978 4761 aliis
992 4702 1080 4779 gesta
1094 4710 1176 4754 oom-
