2646 5124
523 630 833 701 CAPV't'ot-ot.
1233 638 1298 709 557

111 807 203 877 Cassi
219 805 401 884 studebant,
426 805 527 890 plores
541 803 722 870 Marcellum
738 804 890 870 iouebant.
921 805 1051 870 Accedit
1064 827 1131 873 cum
1147 813 1241 896 copiis
1256 813 1277 880 3

110 911 217 998 Bogud
247 911 284 975 ad
317 908 488 973 exteriores
512 906 653 973 Marcelli
675 906 868 972 munitiones.
914 904 1071 993 Pugnatur
1092 911 1241 996 utrimque

109 1016 244 1093 acriter,
262 1011 429 1095 crebroque
444 1010 473 1074 id
489 1010 597 1075 accidit
613 1012 734 1074 ionuoa
749 1031 840 1094 saepe
856 1011 893 1075 ad
910 1022 1068 1097 utrumqne
1083 1013 1241 1079 uictoriam

111 1119 317 1183 transiet-ente
328 1142 336 1191 3
347 1134 404 1178 neo
420 1125 520 1177 tamen
536 1133 674 1196 nmquam
690 1112 727 1176 ab
743 1114 882 1199 operibns
895 1113 1239 1199 depelliturMarcellns.

69 1236 88 1286 a
114 1218 241 1286 interim
255 1216 388 1303 Lepidos
409 1237 452 1280 ex
469 1215 610 1280 citeriore
626 1214 781 1300 prouincia
797 1236 863 1278 enm
879 1217 1051 1282 cohortibus
1066 1217 1241 1302 legionariis
1256 1220 1300 1293 llll

114 1331 215 1387 xxxv
229 1338 398 1405 magnoque
420 1339 543 1382 numero
565 1317 695 1401 equitnm
717 1328 749 1381 et
763 1317 946 1400 reliquorum
963 1320 1143 1386 auxiliorum
1159 1324 1243 1388 uenit

113 1446 151 1490 ea
165 1435 267 1490 mente
277 1420 389 1501 Vliann,
405 1432 438 1486 nt
453 1422 520 1485 sine
535 1421 597 1484 ullo
612 1419 711 1484 studio
728 1422 937 1486 contentiones
947 1420 1036 1487 Cassi
1044 1421 1243 1509 Mareellique

113 1535 320 1610 componeret.
351 1522 432 1587 Huic
453 1523 587 1589 uenienti
607 1522 675 1586 sine
693 1522 883 1588 dubitatione
904 1522 1069 1591 Marcellus
1091 1549 1126 1592 se
1147 1529 1277 1597 oredit2

114 1639 206 1711 atque
222 1628 327 1706 ollert3
344 1623 470 1692 Cassius
485 1637 593 1690 contra
607 1624 671 1689 suis
687 1646 721 1689 se
737 1636 820 1689 tenet
834 1627 1005 1711 praesidiis,
1022 1630 1087 1696 siue
1103 1650 1152 1711 eo,
1166 1632 1244 1716 qnod

67 1741 84 1795 b
112 1731 180 1816 plus
206 1729 262 1794 sibi
277 1730 353 1794 iuris
368 1728 468 1795 deberi
484 1750 570 1812 qnam
586 1725 734 1791 Marcello
750 1727 963 1808 existimabat,
989 1731 1055 1796 siue
1071 1755 1124 1812 eo,
1151 1735 1241 1818 qnod,

115 1853 155 1897 ne
178 1842 415 1918 praeoccupatos
437 1831 555 1897 animus
571 1827 679 1914 Lepidi
703 1841 784 1895 esset
800 1830 944 1918 obsequio
959 1834 1132 1914 aduersari,
1155 1857 1243 1901 uere·

115 1934 214 1998 batur.
246 1932 338 1999 Ponit
359 1935 395 1999 ad
422 1932 522 1999 Vliam
545 1943 644 1997 castra
667 1930 801 2017 Lepidus
823 1954 920 2017 neque
943 1935 1032 2001 habet
1054 1958 1072 2001 a
1094 1935 1278 2004 Marcellod

115 2039 270 2121 quicquam
287 2038 388 2103 diuisi.
420 2035 472 2102 Ne
488 2047 655 2122 pugnetur,
673 2036 845 2116 interdicit5
862 2038 899 2100 ad
916 2038 1086 2104 exeundum
1102 2036 1244 2105 Cassium

114 2141 224 2204 inuitat
248 2142 393 2224 iidemque
415 2162 502 2205 suam
516 2141 548 2203 iu
564 2160 598 2203 re
614 2139 696 2203 omni
711 2139 886 2224 interponit.
918 2135 996 2204 Cum
1012 2142 1062 2206 din
1077 2143 1244 2212 dubitasset
1258 2144 1281 2209 4

70 2256 90 2308 t
116 2238 263 2321 Cassius,
280 2241 349 2324 quid
365 2242 423 2306 sibi
437 2242 605 2306 iaciendum
621 2243 729 2325 quidne
744 2238 860 2325 Lepido
876 2254 958 2307 essct
973 2245 1172 2325 credendum,
1190 2268 1244 2312 ne·

114 2365 174 2429 que
190 2344 283 2408 ullum
298 2342 415 2408 exitum
430 2341 545 2407 consilii
561 2342 608 2406 sui
623 2346 782 2425 reperiret,
794 2346 819 2402 si
836 2352 1025 2422 permaneret
1034 2343 1064 2404 in
1077 2349 1242 2426 sententia,

115 2447 268 2532 postulat,
284 2445 329 2509 uti
344 2445 522 2509 munitiones
538 2444 749 2520 disicerentor,
770 2442 886 2525 sibique
901 2441 978 2506 liber
992 2443 1092 2507 exitus
1108 2445 1241 2511 daretur.

113 2547 190 2614 Non
210 2558 326 2612 tautum
349 2546 471 2611 indutiis
494 2547 601 2624 laeda,
624 2547 677 2610 sed
699 2566 790 2631 prope
806 2546 864 2610 iarn
875 2567 958 2631 poce
972 2546 1137 2611 constituta
1152 2547 1280 2633 opera5

115 2672 185 2717 eum
200 2650 438 2735 complanarent,
455 2651 668 2732 custodiaeque
684 2648 880 2713 munitionum
897 2659 1002 2713 essent
1017 2648 1173 2732 deductae,
1190 2674 1245 2717 au·

67 2766 90 2820 n
114 2755 191 2819 xilia
211 2753 293 2840 regis
315 2753 348 2817 iu
370 2752 401 2816 id
423 2752 580 2817 castellnm
596 2749 756 2829 Marcelli,
780 2753 857 2836 quod
880 2753 1050 2836 proximum
1072 2765 1139 2818 erat
1161 2755 1244 2839 regis

116 2857 227 2922 eastris
249 2876 346 2939 neque
361 2855 550 2940 opinantibus
566 2855 704 2920 omnibns
721 2857 763 2937 (si
780 2866 879 2920 wmen
895 2856 927 2919 in
942 2855 1079 2920 omnibns
1094 2857 1150 2921 init
1164 2853 1242 2922 Cas·

116 2961 202 3024 sius:
232 2980 301 3023 nam
330 2959 367 3023 de
393 2959 480 3023 buius
509 2958 695 3023 conscientia
716 2958 928 3044 dubitabatur)
943 2958 1085 3043 impetum
1108 2961 1245 3026 lecerunt

116 3056 343 3147 compluresque
356 3061 399 3126 ibi
413 3062 522 3126 milites
536 3073 763 3146 oppresserunt.
782 3060 870 3144 Quod
883 3063 942 3127 nisi
954 3064 1095 3127 celeriter
1107 3064 1244 3152 indigua·
1259 3062 1281 3129 6

117 3166 203 3231 tione
215 3177 245 3231 et
260 3162 375 3229 anxilio
390 3161 499 3249 Lepidi
515 3163 661 3247 proelium
677 3176 760 3228 esset
775 3166 963 3250 diremptum,
981 3166 1076 3227 maior
1092 3166 1245 3229 calamitas

67 3282 90 3337 5
116 3280 200 3335 emet
213 3279 347 3353 accepta.
371 3264 448 3331 Cum
463 3267 523 3331 iter
535 3263 646 3331 Cassio
658 3266 842 3351 patefactum
858 3277 952 3343 esset,
970 3264 1244 3330 castraMarcellus
1256 3268 1303 3340 64

117 3394 187 3437 cnm
208 3370 519 3456 Lepidoconiuugit.
566 3368 699 3454 Lepidus
729 3371 833 3434 eodem
864 3381 997 3450 tempore
1019 3365 1245 3452 Marcellusque

119 3470 291 3540 Cordubam
314 3496 380 3538 cum
402 3475 482 3551 suis,
501 3469 631 3537 Cassius
648 3473 847 3557 proficiscitur
862 3468 1057 3535 Carmooam.
1089 3466 1152 3533 Sub
1167 3471 1282 3538 idem2

118 3587 236 3661 tempus
250 3573 421 3641 Trebonius
437 3576 598 3660 proconsul
613 3575 650 3638 ad
667 3575 851 3659 prouinciam
867 3574 1056 3660 optinendam
1072 3572 1167 3636 uenit.
1196 3570 1245 3638 Dc

117 3681 206 3745 cuius
220 3681 349 3743 aduentu
366 3689 399 3742 nt
413 3679 556 3761 cognonit
567 3676 705 3756 Cassius,
720 3678 868 3763 legiones,
883 3697 956 3761 quas
972 3698 1072 3742 seeum
1086 3675 1243 3757 babuerat,

67 3794 90 3849 o
116 3783 341 3867 equitatumque
362 3782 394 3846 in
411 3782 534 3848 hiberna
550 3782 721 3861 distribuit3
745 3782 809 3865 ipse
825 3781 963 3846 omnibns
980 3782 1044 3847 suis
1060 3780 1149 3845 rebus
1165 3781 1244 3848 cele·
1260 3781 1280 3846 3

231 4007 244 4057 l
259 4004 333 4057 Cassi
346 4022 373 4057 e.
510 4005 662 4057 Marcellum
676 4008 800 4059 louebunt
811 4025 828 4058 α
842 4009 857 4059 b
871 4023 885 4057 c
897 4008 923 4071 d,
939 4005 1064 4058 Marcello
1080 4005 1204 4056 lonebnut
1216 4019 1244 4053 n.

232 4082 368 4133 occidito.
481 4082 686 4146 2Bognseodd.
791 4082 910 4134 Marcelli
924 4099 977 4133 orn.
991 4098 1018 4132 a.
1123 4081 1245 4146 utrinqne

114 4161 170 4228 (a).
278 4158 334 4210 sud
347 4158 476 4227 utrimque
490 4175 517 4209 a.
622 4160 850 4211 ltruosiereutem
864 4175 890 4209 a.
997 4172 1107 4223 unquam
1121 4165 1204 4207 tumen
1218 4172 1245 4206 a.

228 4238 244 4290 7
257 4237 333 4291 Cassi
346 4254 373 4290 a.
513 4238 528 4290 9
541 4254 569 4288 se
583 4239 684 4304 recepit
697 4245 818 4302 tenetque
831 4250 847 4285 a
861 4251 884 4285 c.
1023 4234 1052 4285 ll
1068 4235 1205 4285 aduersari
1218 4249 1245 4284 c.

229 4316 261 4369 1³
275 4318 413 4384 quiequam
426 4334 453 4383 a,
467 4333 521 4368 non
535 4317 623 4383 qnidq.
732 4313 870 4382 lbbipodo
883 4328 910 4362 e.
1016 4311 1248 4366 lidissicereotur

115 4414 135 4449 a
147 4396 178 4450 d.
329 4398 361 4449 18
374 4397 488 4448 induciis
502 4396 552 4461 (a).
691 4408 754 4460 pace
769 4410 818 4460 ego
831 4391 965 4460 supplesti,
981 4407 1034 4442 om.
1048 4392 1127 4443 codd.
1139 4394 1171 4445 Ρ.
1185 4394 1246 4447 ²00.

232 4472 263 4524 lll
276 4489 334 4525 cum
347 4474 444 4539 Aldus,
459 4491 512 4526 orn.
527 4472 604 4524 codd.
708 4471 741 4524 20
755 4471 825 4535 regis
839 4469 935 4520 eastris
947 4484 964 4519 n
978 4471 1003 4534 o,
1017 4470 1098 4534 regiis
1111 4470 1206 4523 eastris
1219 4484 1247 4519 u.

228 4549 450 4604 ttdntitaturt.
567 4550 602 4606 24
615 4548 744 4613 direptum
758 4549 782 4598 b.
900 4545 1071 4602 2icumsuia
1084 4544 1249 4598 Cassinsab

117 4629 149 4695 d,
164 4626 272 4681 Cassius
286 4646 344 4681 enm
358 4631 413 4683 suis
426 4646 440 4680 c
453 4645 480 4682 u.
600 4626 753 4678 Carmonem
768 4625 969 4693 Glundorptm
981 4622 1128 4677 Narbonem
1140 4637 1158 4673 a
1172 4622 1246 4673 ‘msa

117 4712 296 4775 «amttam,
307 4708 456 4762 Narbonem
469 4707 542 4761 olii’.
647 4705 681 4760 28
691 4704 855 4773 optinendum
867 4719 895 4757 n.
1000 4702 1075 4754 uenit
1085 4712 1183 4753 onem.

156 4804 251 4867 cesar,
260 4807 297 4855 ed.
312 4805 421 4866 Nipperd.
1072 4780 1121 4847 Ml·
