2646 5124
508 146 591 154 ——
640 110 697 171 175
743 149 827 157 ---

86 296 134 345 tur
145 285 238 345 tuce:
261 292 431 362 ‘rectiusque
444 281 569 341 eorum'.
596 282 681 362 Quem
697 284 763 345 siue
781 286 810 346 iu
827 305 887 347 uuo
904 298 934 349 et
946 287 1041 351 altero
1052 290 1238 353 deteriorum

87 387 173 450 codd.
198 386 270 449 siue
293 385 326 446 in
349 384 497 467 impresso
519 383 596 446 libro
620 385 745 467 primum
766 388 863 469 posita
885 401 975 465 sunt,
1003 404 1117 456 eertum
1135 405 1181 456 est
1198 397 1235 457 de.

90 490 270 553 coniectura
293 487 332 549 ad
354 484 549 569 supplendam
572 486 737 551 orationem
753 490 872 554 adiecta
888 512 969 557 esse.
999 492 1112 577 Neque
1136 507 1235 560 tamen

91 614 127 657 eo
148 591 362 655 additamento
385 590 542 672 quicquam
563 589 600 651 ad
623 610 660 652 eu
683 590 777 654 uerba
793 594 979 659 emendanda
996 600 1159 681 proiectum
1176 610 1234 663 est.

93 692 182 759 Nullo
205 694 291 758 enim
315 693 404 755 modo
427 690 476 755 bic
498 691 597 775 plures
621 694 777 757 exereitus
799 691 975 779 Pompeiani
1004 702 1233 765 commemorari

94 807 269 883 potuerunt.
294 794 376 859 Nam
393 816 460 858 cum
477 792 829 878 cobortesPompeianae
847 804 1147 886 numerosexaginta
1164 803 1231 885 (62,

93 899 127 979 2)
140 902 171 963 in
185 894 491 964 aduersasCaesaris
508 899 689 963 munitiones
705 900 848 981 impetum
866 903 1012 977 lacerent,
1030 915 1062 966 et
1077 904 1165 967 simul
1181 906 1235 969 mi·

94 1004 155 1069 lites
171 1002 253 1066 leuis
268 1011 446 1065 armaturae
461 1000 667 1083 sagittariique
683 1003 813 1064 nauibus
829 1004 1023 1068 circumuecti
1044 1026 1063 1069 a
1079 1018 1166 1091 tergo
1181 1007 1235 1069 im·
1293 1050 1296 1055 <

94 1116 275 1191 pugnarent,
295 1102 352 1166 bae
368 1104 446 1167 duae
462 1103 615 1167 exercitus
631 1116 746 1186 partes,
764 1126 842 1187 quae
866 1126 904 1169 ne
921 1109 1101 1171 coniunctae
1116 1108 1234 1191 quidem

95 1207 226 1293 Pompeii
251 1206 426 1269 exercitum
450 1205 618 1267 elliciebaut
641 1207 683 1286 (is
705 1208 785 1270 errim
809 1228 917 1270 uocem
940 1208 1092 1293 legionum
1114 1221 1181 1273 erat
1196 1232 1231 1274 eo

95 1326 242 1397 tempore,
259 1310 323 1371 uid.
341 1330 370 1370 e..
388 1306 436 1389 l),
462 1326 604 1391 peruerse
626 1309 765 1392 singulae
780 1307 958 1394 Pompeiani
979 1315 1137 1378 exercitus
1152 1315 1233 1397 apel-

96 1416 243 1478 larentur.
274 1409 339 1475 larn
355 1410 386 1473 in
403 1410 491 1473 codd.
509 1411 680 1494 scriptura,
702 1433 791 1494 quam
812 1434 903 1497 supra
924 1415 1028 1498 posui,
1052 1427 1138 1481 recta
1158 1428 1233 1480 sunt

97 1517 167 1579 baec
183 1514 291 1581 uerba:
310 1522 482 1577 ‘accessere
490 1512 590 1576 subito
599 1514 694 1598 prima
710 1516 777 1578 lue-e
786 1513 984 1600 Pompeiani,
1002 1518 1115 1601 reliqua
1128 1526 1231 1583 ‘exer-

95 1619 171 1683 citus
187 1619 337 1681 aduentus
352 1615 464 1680 estitit'
481 1636 577 1698 ireque
593 1616 654 1681 ulla
669 1618 861 1681 rationeeum
873 1620 930 1684 illis
938 1620 1103 1684 cohaerent
1111 1632 1153 1697 et,
1171 1642 1229 1703 quo

95 1722 198 1784 miuus
213 1732 352 1803 corrupta
367 1720 539 1791 uideantur,
563 1719 697 1801 ipsorum
713 1722 876 1785 uerborum
891 1723 1051 1805 integritas
1067 1734 1228 1806 repugnat.

98 1822 197 1905 Atqui
209 1821 345 1885 eauerba
351 1821 473 1885 eandem
482 1823 663 1885 seutentiam
673 1824 822 1900 referunt,
840 1848 930 1911 quam
939 1831 1095 1908 superiora
1106 1827 1228 1892 habent.

98 1922 176 1989 Nou
193 1922 378 1987 dubitandum
394 1934 444 1988 est
457 1923 560 2007 igitur,
577 1926 647 2008 quin
663 1926 712 1988 liic
728 1926 872 2011 duplicem
887 1928 1146 2011 deprehendamus
1156 1930 1232 1992 scri·

97 2039 235 2111 pturam,
259 2038 290 2091 et
309 2026 469 2111 genuinam
494 2034 525 2088 el
547 2038 746 2091 commentum
770 2051 786 2091 a
811 2031 957 2112 magistro
979 2030 1228 2115 suprascriptum.

97 2126 171 2195 Cum
195 2130 277 2195 enirn
299 2126 415 2195 Caesar
436 2128 608 2214 scripsisset
634 2138 811 2195 ‘accessere
832 2132 932 2196 subito
948 2134 1043 2215 prima
1058 2134 1126 2197 luce
1141 2129 1232 2196 Pom·

97 2236 217 2319 peiani',
239 2234 386 2317 magistro
406 2254 460 2317 pro
478 2232 524 2295 bis
540 2234 709 2316 ponendum
727 2235 823 2297 uisum
848 2246 896 2298 est
918 2236 1031 2298 ‘subito
1050 2236 1146 2320 prima
1164 2235 1231 2300 luce

97 2334 270 2423 Pompeiani
299 2338 455 2401 exercitus
483 2336 631 2399 aduentus
654 2336 785 2399 extitit':
815 2350 1047 2412 causantem,
1074 2338 1153 2421 quod
1177 2358 1230 2403 ne-

98 2462 149 2524 pue
167 2442 234 2527 ipse
259 2440 386 2505 uerbum
410 2440 592 2503 ‘accessere'
618 2440 746 2512 deleuit,
772 2460 868 2521 neque
890 2440 1048 2505 consilium
1068 2442 1134 2505 eius
1157 2443 1228 2506 ali·

97 2544 200 2611 brariis
216 2553 409 2629 perspectum
425 2552 483 2621 est,
501 2542 655 2626 antiquam
667 2542 846 2624 scripturam
861 2544 1006 2609 seruauit.
1025 2541 1107 2608 Idem
1124 2545 1229 2609 euenit

96 2646 150 2713 bui.
167 2650 190 2715 l.
211 2672 242 2713 e.
260 2646 297 2725 9,
313 2644 347 2723 6,
371 2644 422 2708 ubi
437 2646 467 2708 iu
484 2645 569 2709 codd.
590 2647 664 2708 baec
679 2645 839 2726 leguntur:
867 2654 952 2707 ‘cum
968 2646 1026 2723 iis,
1043 2668 1118 2728 quos
1135 2666 1231 2728 nuper

96 2752 215 2817 nutui
238 2748 468 2816 liberauerant':
494 2748 675 2821 ‘maxime',
700 2745 778 2827 quod
795 2746 906 2824 editur,
929 2749 1081 2829 nequead
1098 2750 1230 2828 ‘nuper'

96 2854 244 2939 nequead
262 2850 493 2917 ‘liberauerant'
510 2852 637 2914 relatum
654 2860 754 2931 aptum
773 2858 832 2909 est.
867 2845 1034 2909 ‘Maximi'
1050 2848 1117 2910 siue
1132 2847 1231 2930 potius

96 2956 251 3021 ‘nunni'
269 2966 368 3019 ortum
384 2965 431 3019 est
446 2974 487 3017 ex
504 2952 688 3028 ‘manumis',
712 2970 788 3032 quas
803 2948 936 3035 syllabas
960 2948 1053 3011 uerbo
1071 2946 1233 3013 ‘liberaue-

94 3060 178 3125 rant'
194 3058 453 3143 suprascripserat
467 3057 631 3141 magister,
655 3063 688 3117 ut
706 3049 968 3116 ‘manumiseraut’
984 3050 1141 3133 legendum
1162 3072 1230 3117 esse

95 3162 294 3247 significaret.
319 3159 397 3225 ltem
412 3182 440 3225 e.
461 3158 513 3237 13,
530 3160 550 3223 5
564 3158 596 3221 in
613 3158 659 3220 bis
677 3154 789 3219 uerbis:
802 3152 933 3219 ‘Caesar
948 3166 1164 3239 praeoccupato
1179 3156 1230 3219 iti·

95 3284 163 3331 nere
178 3266 218 3329 atl
228 3262 455 3349 Dyrrhachium
471 3264 560 3327 linem
577 3258 756 3343 properandi
773 3256 853 3322 lacit*
870 3260 900 3321 iu
917 3259 1003 3322 codd.
1021 3258 1166 3341 scriptum
1182 3268 1231 3321 est

96 3368 262 3449 ‘praelecto
277 3368 434 3449 occupato'
452 3367 500 3430 uel
518 3363 675 3449 ‘perlecto'
692 3362 739 3426 uel
758 3362 928 3444 ‘prolecto’,
952 3381 1077 3444 quorum
1099 3360 1229 3423 medium

96 3472 160 3551 poni
183 3470 310 3534 nolebat
333 3469 488 3553 magister.
518 3465 691 3530 Nemeum
716 3464 956 3547 praepositiones
980 3464 1055 3548 ‘per‘
1080 3473 1110 3527 et
1133 3460 1230 3545 ‘prae'

97 3574 196 3635 todem
221 3572 400 3655 compendio
426 3580 624 3645 notarentur,
661 3565 735 3629 duas
768 3577 881 3629 tantum
905 3578 1074 3649 postremas
1096 3561 1231 3649 syllabas

99 3684 359 3758 supranolauerat.
391 3669 481 3756 Quod
505 3682 605 3735 autem
630 3670 784 3753 ‘perlecto
799 3668 927 3733 itinere'
948 3689 984 3733 co
1000 3669 1068 3733 loce
1084 3666 1154 3751 poni
1170 3683 1231 3726 uon

101 3788 223 3856 peterat,
241 3778 375 3861 ineptiae
389 3795 409 3839 a
423 3786 528 3839 uestro
545 3772 666 3837 bomine
682 3793 742 3834 non
757 3771 932 3835 abhorrent.

179 3874 219 3944 C.
240 3876 296 3957 65,
313 3878 334 3943 ll
350 3880 425 3943 baec
440 3878 473 3941 in
489 3876 576 3941 codd.
595 3875 757 3960 legunturc
784 3872 905 3958 ‘Neque
919 3874 1013 3937 multo
1031 3880 1100 3953 post
1114 3864 1234 3933 Caesar

105 3976 315 4062 significatione
331 4002 387 4067 per
401 3980 526 4047 castella
542 3981 624 4044 lumo
642 3977 740 4053 lacta,
764 3986 798 4039 ut
818 3986 885 4040 erat
905 3972 1072 4057 superioris
1089 3964 1234 4047 temporis

107 4084 302 4161 consuetudo,
327 4084 464 4149 deductis
487 4081 662 4167 quibusdam
686 4077 862 4143 cohortibus
884 4096 926 4139 ex
949 4070 1108 4158 praesidiis
1129 4062 1235 4127 eodem

109 4184 194 4247 uenit.
232 4180 294 4267 Qui
323 4188 447 4273 cognitu
476 4186 658 4251 detrimento
681 4203 749 4247 curu
771 4175 1040 4245 animaduertisset
1059 4159 1236 4245 Pompeium
