2646 5124
420 582 608 653 commu
629 584 726 653 CAP.
745 586 897 655 11-14.
1220 588 1286 661 299

88 782 177 851 qum
193 780 232 827 se
248 760 357 825 hostes
372 778 416 823 ex
430 769 549 825 terrore
563 780 600 825 ae
612 760 683 843 luga
691 760 873 845 reciperent,
890 760 921 825 in
931 761 1005 825 fines
1014 756 1225 841 Suessionum,

93 866 140 951 apri
154 864 296 951 proximi
310 860 420 927 Remis
436 870 540 939 erant,
563 862 730 927 exercitum
746 862 832 926 duxit
847 873 878 927 ct
891 884 999 946 magno
1015 864 1124 928 itinere
1140 865 1228 948 [oon-

95 970 190 1054 leeto]
205 968 244 1033 ad
259 966 403 1050 oppidum
410 962 626 1029 Nouiodunum
641 966 805 1029 contendit.
829 962 865 1031 Id
881 987 921 1031 ex
935 967 1044 1031 itinere
1054 988 1227 1051 oppugnare
1241 968 1264 1031 2

100 1082 234 1150 meatus,
253 1070 335 1154 qnod
351 1090 481 1133 uacuum
496 1068 532 1131 alr
547 1068 757 1131 defensoribus
773 1090 841 1133 esse
857 1070 1014 1145 audiebat,
1039 1080 1162 1153 propter
1183 1068 1228 1133 la-

77 1176 257 1241 th'tudinem
279 1175 382 1239 lossae
405 1170 542 1254 murique
563 1169 751 1235 altitudinem
780 1172 883 1257 paucis
913 1171 1142 1235 defendentibus
1171 1194 1225 1235 ex·

105 1298 232 1363 pugnare
255 1297 320 1341 non
342 1274 451 1361 potuit.
492 1268 612 1337 Castris
634 1274 757 1338 munitis
778 1276 884 1339 uineas
907 1294 999 1357 agere
1025 1293 1162 1356 quaeque
1189 1273 1262 1339 add

106 1379 332 1466 oppugnandum
347 1378 415 1441 mni
430 1387 519 1441 erant
532 1396 706 1460 comparare
722 1377 828 1460 coepit.
859 1375 984 1440 lntcrim
999 1375 1095 1439 omnis
1105 1396 1147 1439 ex
1158 1378 1228 1460 luga
1243 1376 1264 1439 4

106 1478 298 1549 Suessionum
313 1480 476 1545 multitudo
491 1480 523 1543 in
538 1480 675 1564 oppidum
690 1478 829 1563 proxima
844 1492 932 1543 noete
948 1477 1100 1542 conuenit.
1138 1474 1228 1543 Cele-
1243 1475 1263 1541 5

104 1586 174 1649 riter
186 1586 285 1651 uineis
299 1584 339 1649 ad
355 1584 496 1667 oppidum
512 1582 601 1656 actis,
625 1602 736 1667 aggere
751 1583 832 1645 iacto
848 1582 1039 1663 turribusque
1054 1582 1226 1644 constitutis

67 1692 91 1751 ll
104 1688 302 1772 magnitudine
317 1706 457 1771 opernm,
475 1705 550 1769 quiae
566 1704 663 1767 neque
677 1684 818 1749 uiderant
830 1696 902 1747 ante
917 1681 996 1747 Galli
1012 1702 1109 1765 neque
1124 1684 1229 1746 audie·

105 1802 189 1869 rant,
212 1800 243 1855 et
262 1789 421 1856 eeleritate
443 1786 649 1852 Romanorum
672 1788 798 1871 permoti
813 1786 938 1869 'legatos
960 1786 998 1849 ad
1014 1781 1179 1847 Caesarem
1195 1784 1231 1847 de

105 1892 250 1957 deditione
257 1892 422 1957 mittuntet
427 1889 598 1974 petentibus
604 1888 722 1968 Remis,
735 1902 767 1955 ut
776 1898 1044 1962 construerentur,
1055 1887 1227 1971 impetrant.

105 1990 217 2061 Caesar
231 1995 390 2061 obsidibus
405 1994 538 2079 acceptis
552 1993 656 2079 primis
672 1994 804 2057 ciuitatis
826 2004 915 2075 atque
939 1991 1034 2074 ipsius
1050 1987 1165 2053 Galbae
1181 2009 1230 2052 re·
1246 1987 1287 2058 lt

103 2098 145 2183 gis
159 2098 279 2163 duobus
295 2098 364 2163 liliis
379 2096 530 2180 armisque
545 2094 683 2159 omnibus
698 2115 741 2158 ex
755 2096 860 2178 oppido
877 2093 993 2157 traditis
1004 2093 1034 2157 in
1048 2091 1229 2155 deditionem

67 2206 87 2264 tt
102 2197 290 2267 Suessiones
305 2200 419 2283 aceepit
432 2200 660 2282 exercitumque
674 2198 705 2262 in
717 2194 896 2261 Bellouacos
913 2197 1005 2260 ducit.
1038 2190 1098 2277 Qui
1114 2215 1179 2257 cum
1195 2190 1266 2257 sed

102 2322 227 2385 suaque
241 2301 345 2365 omnia
357 2300 389 2365 in
402 2301 533 2387 oppidum
545 2298 794 2386 Bratuspantium
809 2299 1018 2376 contulissent,
1035 2308 1125 2379 atque
1141 2296 1178 2359 ab
1193 2316 1229 2359 eo

104 2404 218 2489 oppido
235 2398 356 2467 Caesar
367 2424 429 2468 enm
442 2408 582 2469 exercitu
598 2404 721 2469 circiter
739 2403 821 2466 milia
835 2424 975 2487 passuum
997 2400 1128 2484 quinque
1144 2396 1230 2461 abes·

103 2515 172 2586 set,
196 2526 307 2571 omnes
326 2506 454 2573 naiores
475 2518 549 2571 natu
573 2528 613 2571 ex
634 2507 742 2591 oppido
758 2507 873 2591 egressi
887 2526 995 2569 manus
1010 2504 1048 2567 ad
1065 2500 1231 2565 Caesarem

103 2608 229 2675 undere
244 2620 278 2675 et
291 2630 368 2675 noce
381 2610 553 2694 significare
568 2620 732 2694 coeperunt
745 2629 814 2673 sese
829 2610 860 2672 in
877 2610 942 2673 eius
959 2607 1044 2671 iidem
1053 2626 1089 2670 ae
1100 2612 1230 2687 potesta-

67 2716 164 2777 !tem
184 2712 291 2779 uenire
312 2734 410 2797 neone
429 2723 534 2777 eontra
558 2712 697 2799 populum
720 2709 889 2775 Romanum
918 2711 1011 2775 armis
1033 2707 1227 2771 contendere.

105 2810 194 2893 Item,
210 2816 323 2881 eumad
338 2816 477 2901 oppidum
492 2816 673 2879 accessisset
688 2826 844 2897 castraque
860 2813 899 2877 ibi
915 2822 1052 2896 poneret,
1070 2808 1156 2895 pueri
1167 2827 1230 2871 mu·
1246 2802 1267 2867 3

107 2918 255 3001 lieresque
276 2938 320 2983 ex
342 2940 429 2981 muro
451 2918 549 3003 passis
570 2918 709 2982 manibus
729 2939 786 2982 suo
808 2937 891 2980 more
914 2936 1017 2999 paoem
1032 2914 1068 2978 ab
1082 2910 1230 2975 Romanis

106 3020 268 3104 petierunt.
299 3017 363 3085 Pro
378 3020 425 3085 lis
439 3018 611 3085 Diuitiaous
634 3024 718 3101 (nam
741 3030 809 3105 post
831 3020 995 3083 discessum
1010 3015 1172 3101 Belgarum
1188 3011 1231 3075 di·
1246 3009 1290 3081 14

107 3124 205 3189 missis
220 3122 418 3189 Haeduorum
440 3126 534 3209 copiis
557 3126 594 3190 ad
616 3146 684 3189 eum
699 3128 883 3201 reuerterat)
900 3120 972 3185 lacit
987 3119 1097 3183 uerba:
1131 3112 1268 3181 Bello-2

68 3232 196 3293 tineos
212 3228 298 3292 omni
313 3238 446 3313 tempore
462 3229 494 3291 in
509 3227 801 3311 lideatqueamieitia
818 3223 951 3289 ciuitatis
958 3220 1103 3285 Haeduae
1118 3220 1231 3283 luisse:

108 3330 243 3415 inpulsos
265 3329 304 3397 ab
326 3330 390 3395 suis
405 3330 608 3417 principibus,
625 3332 676 3417 qui
692 3331 828 3393 dicerent
842 3326 985 3391 Haeduos
1000 3324 1037 3387 ab
1053 3320 1187 3389 Caesare
1202 3316 1270 3384 int

111 3433 289 3499 seruitutem
310 3433 449 3497 redactos
473 3454 578 3497 omnes
599 3433 792 3517 indignitates
815 3429 1071 3510 corutumeliasque
1087 3427 1231 3511 perlerre,

111 3546 141 3599 et
153 3534 192 3599 alt
210 3532 347 3597 Haeduis
361 3536 507 3599 deiecisse
524 3545 555 3598 et
569 3536 676 3619 populo
692 3534 831 3598 Romano
853 3533 960 3597 bellum
985 3530 1135 3594 intulisse.
1175 3523 1235 3607 Qui
1250 3520 1272 3587 4

112 3637 174 3701 rias
189 3636 311 3701 consilii
326 3640 475 3723 principes
491 3637 636 3712 luissent,
665 3637 742 3720 quod
758 3636 982 3721 intellegerent,
1001 3643 1141 3716 quantam
1157 3630 1236 3693 cala-

69 3744 94 3799 u
111 3740 242 3805 mitatem
257 3740 376 3805 ciuitati
390 3741 576 3820 intulissent,
593 3740 626 3803 in
635 3736 824 3803 Britanniam
839 3738 1021 3823 profugisse.
1043 3732 1154 3799 Petere
1175 3724 1271 3795 noni

217 3982 231 4034 l
247 3982 340 4033 hostes
352 3983 418 4047 ses.
520 3996 553 4033 ex
565 3995 662 4048 penora
675 3981 719 4047 es.
842 3982 859 4033 2
871 3979 987 4046 proxime
1001 3980 1181 4031 remanserant
1192 3985 1237 4022 ex·

113 4064 220 4113 accitu
232 4062 271 4113 1).
380 4060 625 4129 [contemplato.
713 4059 951 4113 altonodnnunt.
1040 4068 1190 4123 expugnare
1211 4052 1236 4102 t.

216 4142 377 4205 leesnntus
389 4142 424 4194 A.
530 4140 673 4207 dqnaend
690 4142 715 4191 d.
821 4140 938 4191 lomnes
952 4138 987 4190 A.
1099 4134 1239 4187 ttSuesso-

111 4230 171 4267 ιιιι
181 4232 218 4269 n.
229 4232 275 4285 pr.
289 4218 323 4269 B.
429 4218 548 4286 proxima
561 4219 586 4268 in
600 4225 676 4269 nocte
689 4218 723 4269 A.
831 4217 865 4267 12
876 4216 980 4267 datione
995 4230 1031 4265 m.
1043 4230 1090 4279 pr.
1105 4212 1138 4262 B.

113 4294 398 4365 ldipsinaGallireb.
489 4299 520 4350 15
535 4297 836 4363 strenuissumus.
924 4288 1236 4356 BellouagosllCBde.

226 4376 260 4429 1⁷
272 4378 346 4429 milia
359 4392 413 4429 om.
426 4378 454 4429 A
461 4378 486 4429 B
497 4377 537 4441 D,
550 4378 598 4428 mit
610 4380 662 4427 snt,
676 4392 748 4427 uero.
763 4392 799 4426 m.
812 4393 866 4427 sac.
880 4376 913 4427 B.
1022 4373 1054 4424 at
1070 4368 1239 4435 accessisset]

110 4454 270 4509 uenissetd.
342 4458 378 4509 22
389 4458 489 4523 sparsis
502 4456 622 4508 manilius
636 4456 669 4508 C.
757 4458 790 4511 ll
808 4454 1042 4506 renersnserntd.
1121 4449 1241 4499 Bellona-

108 4534 204 4597 μδ.
308 4533 573 4600 ldinpulsosABs.
713 4522 1254 4599 absuis(B)CDEs,nanis(Aup)-'

194 4612 357 4663 abliorrere
371 4612 594 4678 Oudendorpiur,
615 4612 649 4663 ad
660 4611 801 4663 Caesarem
814 4613 886 4675 AB,
901 4626 916 4661 a
929 4610 1044 4660 Caesare
1055 4622 1093 4657 m.
1105 4618 1159 4654 roo.
1174 4599 1199 4650 B
1211 4615 1239 4650 u·

194 4688 230 4741 20
243 4690 300 4742 eius
313 4689 341 4740 A
346 4690 401 4742 BD
408 4690 434 4743 ld
438 4728 447 4754 ,
461 4690 538 4743 luins
552 4690 700 4758 Cisstnr.
714 4708 767 4743 seo.
782 4690 814 4742 ll.
886 4690 919 4740 30
933 4686 1087 4737 Brittaniam
1100 4695 1137 4731 m·
1147 4692 1194 4744 pr·
1205 4676 1239 4728 B·
