2646 5124
489 556 814 625 ...no-.-

92 739 194 803 decem
211 735 360 819 legionum
377 731 469 796 luisse
485 731 650 797 uideamus.
685 728 729 795 Ht
743 748 884 795 nements
899 748 957 795 sex
971 726 1126 813 legionem
1141 722 1209 795 Ces·

92 840 170 905 saris
193 837 315 922 ponitur
337 836 427 900 etiam
450 857 479 899 c.
502 832 564 910 40,
587 844 731 917 quattuor
748 830 878 898 Labieni
900 830 943 897 57.
957 830 1002 895 in.
1020 828 1122 897 erdo.
1158 828 1208 899 Sed

92 951 175 1007 certe
197 938 252 1003 sub
274 940 362 1002 finem
385 936 510 1003 aestatis
525 958 603 1001 noua
618 936 698 1027 legio
713 936 837 1015 aderat,
853 956 929 1019 quse
944 946 1038 1000 sente
1051 934 1209 1021 appellabo
1249 908 1256 1039 l

92 1056 154 1109 tur.
172 1040 251 1107 Ham
268 1052 403 1105 extremo
418 1040 494 1103 libro
509 1039 635 1123 septimo
652 1035 769 1103 Caesar
783 1058 817 1103 se
831 1038 968 1123 legiones
982 1037 1027 1103 ita
1040 1038 1075 1106 ie
1090 1037 1209 1103 biberis
1253 1050 1256 1119 ξ

92 1147 258 1211 collocasse
274 1144 396 1221 scribit,
411 1160 444 1205 ut
457 1139 497 1205 Τ.
515 1139 682 1206 Labienum
698 1163 764 1205 cum
778 1138 808 1206 H
823 1141 993 1226 legionibus
1007 1141 1041 1205 in
1057 1138 1208 1225 Sequaris,
1253 1170 1256 1177 ¹

93 1244 133 1311 C.
151 1245 275 1315 Fabium
292 1245 361 1311 item
377 1266 444 1309 cum
460 1239 491 1307 H
507 1244 538 1308 in
553 1243 676 1323 Remis,
694 1240 733 1308 C.
749 1242 917 1308 Antistium
931 1242 1088 1327 Reginum
1103 1243 1136 1310 in
1149 1244 1210 1307 Αι-

91 1349 248 1427 biberetis,
272 1344 312 1410 Τ.
329 1344 469 1411 Sextium
490 1346 523 1410 in
543 1344 749 1431 Biturigibus,
780 1342 821 1410 C.
844 1340 1007 1413 Caninium
1030 1344 1209 1413 Hebilnn‘n

92 1450 224 1517 Rutenis
239 1472 307 1515 oum
321 1448 448 1533 singulis
464 1449 643 1533 legionibus,
662 1446 704 1532 Q.
714 1447 848 1513 Tullium
863 1443 1209 1513 cinomannensis

93 1556 204 1639 picium
219 1549 368 1617 Cabilloni
388 1559 421 1615 et
435 1548 606 1617 Matiscone
626 1552 663 1617 ad
677 1551 808 1617 Ararem
830 1560 971 1637 poneret,
992 1550 1060 1635 ipss
1079 1546 1210 1616 Bibracte

94 1658 251 1722 biemarct.
277 1654 368 1735 Atqm
384 1654 421 1717 ad
431 1652 554 1718 Ararim
570 1652 871 1738 quartamdecimam,
888 1652 938 1717 cui
951 1649 1065 1718 Cicero
1079 1670 1210 1737 pressu

93 1761 210 1827 solebat
232 1753 377 1839 (v1,32‚
396 1755 442 1837 5),
467 1765 499 1819 et
520 1766 639 1820 sexum
660 1757 810 1841 legionem
836 1756 998 1821 collocatas
1021 1756 1119 1823 inisse
1137 1754 1207 1821 Hirt.

94 1859 184 1940 VlH,
202 1859 234 1938 4,
251 1857 271 1923 3
295 1860 390 1922 relert
404 1859 442 1921 ad
459 1868 629 1924 extremum
645 1859 753 1924 librum
767 1858 927 1943 septimum
940 1858 1123 1945 respiciens.
1160 1856 1209 1927 ffi-

93 1984 159 2027 rum
176 1971 222 2026 est
236 1971 336 2025 autem
353 1981 468 2046 neque,
486 1962 603 2045 quando
619 1962 692 2027 baec
707 1973 796 2027 sexto
811 1962 890 2047 legio
905 1962 1081 2047 conscripta
1094 1960 1210 2039 sitm·

95 2086 183 2149 qnam
198 2063 307 2128 relerri
329 2064 374 2143 (id
394 2065 473 2151 quod
496 2064 528 2128 iu
543 2066 747 2150 superioribus
763 2064 931 2147 legionibus
951 2074 1098 2129 aceunnts
1111 2084 1132 2131 a
1144 2058 1211 2129 Cat·

94 2188 164 2231 sare
180 2168 289 2230 lactum
306 2187 374 2231 esse
390 2168 543 2245 uitlimus),
568 2188 667 2251 neque
687 2188 753 2231 eam
770 2188 894 2233 numero
916 2178 1053 2237 notatm
1068 2188 1139 2235 esee
1152 2166 1211 2233 τῶ-

94 2269 160 2354 quis
174 2269 366 2343 inferiorem,
389 2270 442 2333 sed
458 2280 606 2353 tamquam
621 2268 857 2352 antiquissimam
873 2282 991 2337 senta·
1006 2290 1080 2335 esso
1092 2268 1213 2357 appelln-

93 2385 165 2438 tam.
184 2370 290 2455 Itaque
306 2395 365 2436 nun
380 2374 446 2439 sinc
462 2394 553 2439 eausa
569 2372 708 2436 conicere
724 2372 794 2435 mihi
811 2371 914 2435 uideor
929 2372 1005 2435 banc
1021 2374 1118 2439 luisse
1132 2371 1215 2457 legio-

95 2496 162 2539 uem
179 2476 346 2555 Alaudam,
372 2497 458 2559 quant
475 2473 561 2539 Suet.
581 2471 673 2539 Caes.
690 2474 733 2539 24
755 2495 795 2539 ex
812 2474 1003 2557 transalpinis
1020 2476 1216 2560 conscriptam

95 2590 200 2663 postea
217 2580 387 2643 uniuersam
404 2575 564 2644 aCaosaro
580 2578 705 2643 ciuitate
721 2578 858 2641 donatam
875 2598 943 2641 esse
952 2577 1069 2640 scribit.
1089 2577 1216 2653 Ea,eun

94 2681 253 2744 auxiliaris
277 2682 376 2744 ournia
399 2681 467 2746 belli
484 2678 593 2745 Gallici
609 2680 756 2763 stipendia
772 2680 950 2758 meruisset,
967 2701 1095 2743 numero
1110 2696 1219 2763 qnoque

97 2784 267 2846 ueterrimis
284 2784 450 2865 legionibus
467 2783 623 2846 uidebatur
639 2782 839 2867 adiungenda.
880 2781 991 2865 Neque
1005 2782 1114 2865 ignoro
1130 2784 1163 2847 in
1179 2782 1220 2845 is·

94 2884 308 2965 scriptionibus
324 2906 372 2966 ap.
391 2883 481 2949 Grut.
498 2882 574 2957 403,
590 2883 623 2947 2.
642 2882 718 2961 544,
734 2883 767 2946 2.
785 2883 861 2962 550,
878 2883 911 2949 7.
928 2883 1057 2949 Heines.
1076 2878 1219 2961 41035.

95 2981 265 3050 04414773
281 2985 400 3067 quintae
416 2987 528 3068 legioni
545 3008 710 3071 cognomen
722 2985 858 3051 Alaudae
873 2987 993 3069 apponi.
1016 2984 1136 3051 Verum
1150 2986 1221 3053 batte

95 3086 227 3170 quintam
244 3087 391 3169 legionem
409 3088 554 3154 inferiore
571 3100 703 3172 tempore
720 3089 912 3153 constitutam
928 3108 997 3153 esse
1019 3109 1150 3157 neeesse
1164 3098 1221 3153 est.

96 3185 285 3255 Caesariana
308 3192 388 3255 euim
411 3193 512 3275 quinta
536 3193 614 3276 legio
638 3213 718 3255 auno
734 3189 809 3255 484
832 3188 872 3272 Q.
898 3186 1006 3254 Cassio
1026 3188 1174 3274 Longino
1194 3189 1222 3253 in

94 3293 239 3357 ulteriore
253 3291 398 3375 Hispania
421 3296 591 3379 conscripta
614 3305 660 3357 est
676 3293 773 3377 (Hirt.
791 3295 821 3358 b.
838 3294 932 3357 Alex.
951 3290 993 3357 50
1008 3303 1039 3356 et
1051 3291 1094 3357 53
1111 3296 1222 3377 extr.).

96 3390 216 3459 Octauo
232 3396 324 3479 igitur
338 3421 418 3463 auno
434 3395 551 3462 Caesar
567 3398 701 3467 tredecim
715 3397 849 3481 legiones
867 3396 981 3461 babuit.
1005 3392 1173 3458 Nemeum
1186 3414 1223 3459 co

95 3518 174 3559 auno
192 3520 278 3559 uuam
295 3501 443 3582 legionem
466 3501 497 3562 in
514 3497 628 3561 ltaliam
646 3499 781 3562 misisset
795 3495 898 3579 (vllt,
916 3497 971 3578 24,
988 3496 1036 3580 3),
1054 3498 1165 3561 deiude
1179 3494 1223 3565 bl·

94 3595 187 3659 berun
203 3598 245 3659 ita
270 3599 428 3664 distributa
451 3620 518 3663 esse
535 3598 653 3665 Hirtius
666 3602 762 3664 refert
776 3599 844 3683 (40,
861 3598 907 3683 3),
927 3612 959 3664 ut
974 3610 1117 3685 quattuor
1131 3599 1225 3683 legio·

95 3716 148 3759 nes
165 3696 196 3758 in
211 3694 337 3781 Belgio,
363 3702 438 3764 duae
453 3701 484 3763 iu
500 3701 650 3780 Haeduis,
669 3703 744 3765 duae
760 3703 791 3766 in
807 3700 959 3781 Turorris,
977 3703 1052 3767 duae
1067 3703 1100 3767 iu
1114 3700 1227 3767 Lemo·

94 3796 209 3860 uicibus
225 3799 455 3864 collocarentur.
480 3801 573 3867 Nouo
588 3814 688 3867 autem
704 3826 785 3867 anuo
802 3800 912 3869 Cicero
928 3807 965 3869 ad
982 3805 1048 3869 Art.
1066 3801 1141 3881 VH,
1159 3800 1227 3883 7,0

97 3894 259 3963 Caesarem
284 3900 356 3963 item
379 3903 515 3967 undecim
538 3905 673 3989 legiones
697 3917 800 3970 tenere
824 3908 939 3970 scribit.
979 3905 1041 3972 Sed
1063 3907 1121 3971 hoc
1143 3928 1226 3971 nono

95 4022 175 4069 anuo
191 4012 313 4065 senatus
330 4005 496 4069 consultum
515 4009 703 4085 factumest,
730 4019 761 4071 ut
783 4009 820 4071 ad
844 4009 951 4072 bellum
967 4006 1143 4074 Parthicum
1166 4029 1228 4074 uus

96 4101 207 4186 legion
224 4100 284 4167 Cu.
302 4100 457 4187 Pompeio,
475 4110 571 4175 altera
586 4131 604 4172 a
619 4106 658 4174 C.
677 4105 813 4174 Caesare
830 4113 1010 4174 traderetur.
1035 4109 1142 4195 ltaque
1158 4132 1227 4177 cunt

95 4202 257 4287 Pompeius
273 4225 337 4267 eam
354 4206 522 4290 legionem,
545 4232 632 4294 quam
655 4207 784 4277 Caesari
806 4225 897 4277 sexto
919 4234 1000 4276 anuo
1016 4214 1229 4281 commodaue-

96 4316 163 4383 rat,
187 4317 356 4390 repeteret,
381 4305 497 4376 Caesar
511 4323 542 4374 et
557 4313 632 4376 banc
644 4315 766 4376 tradidit
781 4325 813 4379 et
823 4336 879 4378 suo
894 4316 1015 4383 nomine
1032 4336 1120 4396 eam,
1138 4338 1229 4399 marn

96 4410 128 4473 in
143 4408 285 4472 citeriore
301 4404 400 4473 Gallia
415 4409 562 4489 babebat,
586 4413 686 4476 dedite
706 4416 738 4479 in
753 4416 841 4481 buius
862 4429 961 4483 autem
984 4418 1083 4483 locum
1107 4418 1230 4485 tertiam

98 4511 243 4576 decimam
264 4510 297 4573 in
317 4509 434 4575 Italiam
454 4513 536 4577 misit
559 4511 661 4595 (VHI,
675 4514 744 4597 54).
777 4514 834 4581 His
855 4519 946 4602 igitur
968 4520 1065 4584 tribus
1081 4520 1230 4591 detractis

100 4614 216 4685 Caesar
236 4617 267 4688 iu
291 4614 435 4680 ulteriore
451 4610 550 4685 Gallia
572 4625 641 4681 octo
657 4616 791 4703 legiones
813 4621 984 4693 retinebat:
1002 4632 1035 4688 et
1048 4644 1131 4689 nono
1146 4644 1230 4699 anns
