2646 5124
413 620 557 691 Cdbffl.
573 620 761 693 vmcar.
778 622 931 692 st-tr.
1236 628 1298 701 set

118 818 184 865 uena
199 816 242 863 ex
257 817 295 862 eo
310 816 436 860 numero
451 797 551 861 uiuam
567 798 631 882 capi
647 797 812 883 patiuntur.
848 794 987 882 Profugit
1000 798 1070 863 iude
1087 821 1153 864 euru
1171 823 1243 886 pau·

115 903 159 969 eis
173 900 340 967 Lucterius
355 897 412 963 riec
426 920 461 963 se
475 900 582 984 recipit
597 901 628 963 in
644 909 754 964 castra.
788 898 835 964 lle
852 901 927 964 bene
942 911 1028 984 gesta
1036 897 1184 966 Caninius
1201 926 1242 968 ex
1253 904 1299 975 3ll

117 1004 245 1090 captiuis
260 1003 407 1087 comperit
421 1013 534 1088 partem
551 1003 702 1086 copiarum
719 1024 784 1066 curn
800 1001 952 1088 Drappete
968 1025 1037 1068 esse
1052 1006 1082 1068 in
1097 1006 1207 1070 castris
1223 1030 1241 1071 a

116 1107 237 1171 milibus
252 1106 343 1190 longe
358 1126 419 1168 non
434 1105 560 1189 amplius
574 1116 637 1169 xrt.
670 1102 737 1187 Qua
760 1126 793 1169 re
816 1127 856 1168 ex
883 1107 1082 1191 compluribus
1106 1109 1238 1192 cognita,

83 1222 98 1273 ι
118 1230 186 1275 cunr
201 1209 395 1294 intellegeret
416 1208 518 1293 fugato
540 1208 615 1271 duce
639 1208 735 1271 altero
749 1208 925 1291 perterritos
941 1209 1073 1292 reliquos
1088 1211 1174 1274 facile
1190 1234 1242 1297 op-

114 1311 205 1399 prinri
220 1331 321 1396 posse,
338 1331 467 1394 maguae
476 1310 627 1374 felicitatis
643 1330 712 1375 esse
727 1310 932 1374 arbitrabatur
948 1312 1243 1379 nemiuemexcaede

113 1414 268 1499 refugisse
282 1414 317 1477 in
330 1424 451 1492 castra,
477 1413 528 1496 qui
550 1414 586 1476 de
607 1424 730 1496 accepta
753 1412 923 1477 calamitate
946 1413 1081 1476 nuntium
1098 1412 1242 1500 Drappeti

115 1518 278 1602 perferret.
295 1515 358 1582 Sed
372 1517 405 1580 iu
421 1515 608 1600 experiundo
624 1537 691 1580 cum
707 1516 871 1599 periculum
888 1515 998 1578 nullum
1015 1516 1143 1595 uideret,
1161 1518 1280 1601 equi-2

114 1628 213 1683 tatsrn
228 1639 347 1683 omnem
363 1615 591 1701 Germanosque
606 1619 739 1702 pedites,
760 1640 894 1682 summae
910 1618 1078 1682 uelocitatis
1094 1619 1241 1701 homines,

67 1730 95 1785 Ιι
114 1721 154 1785 ad
169 1732 272 1785 castra
288 1721 418 1784 bostiam
433 1722 616 1805 praemittit3
638 1722 703 1805 ipse
724 1722 873 1804 legionem
895 1742 984 1784 unam
1001 1722 1032 1784 in
1049 1723 1127 1785 trina
1144 1735 1243 1787 castra

116 1823 289 1902 distribuit,
318 1824 444 1887 alteram
460 1844 561 1887 secum
577 1824 746 1907 expeditam
762 1824 855 1887 ducit.
903 1819 980 1887 Cum
1004 1826 1127 1908 propius
1151 1826 1279 1891 bostisd

116 1926 313 2003 secessisset,
330 1925 368 1989 ab
383 1926 638 2011 exploratoribus,
655 1948 730 2009 quos
747 1927 955 2012 praemiserat,
972 1928 1128 2013 cognoscit
1143 1939 1244 1991 castra

117 2048 244 2107 eorum,
266 2040 301 2092 ut
315 2028 510 2093 barbarorum
527 2030 589 2094 fere
605 2031 790 2094 cousuetudo
806 2041 870 2103 est,
887 2029 1002 2093 relictis
1017 2031 1091 2094 loeis
1107 2031 1243 2114 superio·

116 2130 203 2195 ribus
216 2132 256 2196 ad
270 2131 353 2216 ripas
369 2130 499 2195 fluminis
515 2153 583 2196 esse
598 2132 746 2209 demissae
772 2143 803 2195 at
817 2130 987 2196 Germanos
1008 2133 1182 2216 equitesque
1197 2135 1243 2197 iu·

67 2240 95 2295 lb
116 2233 316 2318 prudentibus
338 2233 477 2299 omnibus
498 2234 535 2297 de
558 2235 711 2318 inprouiso
727 2234 886 2297 aduolasse
902 2235 1105 2316 proeliumque
1121 2236 1244 2299 commi-

117 2334 215 2401 sisse.
247 2332 316 2419 Ωιι
336 2356 372 2401 re
394 2337 515 2422 cognita
537 2338 685 2420 legionem
701 2347 846 2398 armatam
862 2337 1095 2416 instructamque
1111 2337 1242 2401 adducit.
1259 2336 1280 2400 d

115 2434 171 2501 lta
184 2448 311 2521 repente
325 2440 459 2503 omnibus
474 2460 515 2503 ex
532 2438 665 2523 partibus
687 2438 775 2523 siguo
792 2439 859 2502 dato
874 2439 941 2501 loca
955 2435 1109 2520 superiora
1124 2439 1245 2521 capiun-

119 2551 182 2605 tur.
217 2536 307 2623 Quod
323 2540 372 2607 ubi
386 2542 515 2617 accidit,
531 2538 677 2606 Germani
699 2541 873 2624 equitesque
896 2540 993 2623 signis
1021 2538 1149 2623 legionis
1171 2539 1246 2603 uisis

117 2642 384 2709 uehementissine
398 2645 595 2728 proeliantur.
621 2638 788 2708 Confestim
806 2645 945 2708 cobortes
961 2642 1088 2724 undique
1104 2640 1246 2724 impetum
1262 2640 1282 2705 5

67 2752 98 2809 Ι
119 2746 235 2811 faciunt
249 2746 446 2829 onnibusque
462 2758 514 2811 aut
528 2748 697 2811 interfectis
713 2757 765 2810 aut
781 2747 993 2830 captismagna
1003 2743 1114 2828 praeda
1129 2745 1247 2826 potiun-

120 2858 182 2913 tur.
213 2844 343 2933 Capitur
355 2848 421 2933 ipse
436 2870 473 2914 eo
488 2850 602 2933 proelio
618 2847 767 2934 Drappes.
794 2844 943 2913 Caninius
960 2846 1132 2911 felicissime
1147 2866 1181 2909 re
1196 2864 1248 2930 ge·
1261 2844 1305 2917 37

119 2959 169 3015 ste
181 2950 250 3015 sine
264 2951 326 3015 ullo
341 2972 437 3037 paene
451 2952 556 3015 militis
572 2952 698 3017 uulnere
714 2955 750 3017 ad
767 2951 945 3016 obsidendos
960 2951 1126 3036 oppidanos
1141 2971 1246 3014 reuer-

119 3050 197 3117 titur
209 3065 399 3137 enteruoque
416 3054 501 3117 bostc
516 3054 633 3132 deleto,
657 3056 741 3120 cuius
758 3055 863 3118 umore
879 3066 967 3120 autea
983 3054 1116 3118 diuidere
1132 3053 1282 3138 praem-2

122 3154 172 3219 dia
187 3165 220 3219 et
233 3157 402 3221 munitione
417 3158 580 3241 oppidanos
597 3159 783 3221 circumdare
799 3157 965 3240 prohibitus
981 3166 1067 3232 erat,
1085 3175 1177 3238 opera
1192 3177 1247 3217 un-

67 3266 97 3321 ιι
118 3256 209 3343 dique
223 3257 352 3343 imperat
365 3259 580 3325 administrari.
613 3258 709 3324 Venit
729 3260 831 3324 eodem
855 3279 920 3320 cum
937 3257 1001 3319 suis
1016 3255 1109 3338 copiis
1126 3266 1246 3339 postero
1262 3254 1281 3318 3

120 3360 170 3427 die
186 3356 282 3427 Gaius
297 3359 411 3427 Fabius
426 3374 599 3447 partemque
615 3363 714 3448 oppidi
728 3361 821 3426 sumit
835 3361 872 3423 ad
888 3355 1092 3422 obsidendam.

233 3535 246 3587 l
262 3535 378 3602 profugit
389 3537 413 3588 Β
427 3538 545 3603 ‘ceteri’,
561 3539 651 3603 effugit
663 3556 708 3590 ee.
846 3535 952 3598 dlonge
965 3536 1091 3584 oretanos
1105 3529 1247 3592 collocasti,

119 3610 196 3679 quod
205 3614 236 3663 s'e
247 3614 272 3664 Β
284 3618 313 3664 st
324 3617 439 3682 reliquis
450 3623 516 3683 post
528 3634 588 3668 eom
600 3634 694 3669 uocem
707 3618 825 3682 legitur,
848 3618 878 3665 in
892 3612 956 3664 bed
963 3628 977 3661 e
990 3614 1139 3662 omittitur.

118 3691 344 3745 reen.B‘mss.
359 3695 394 3746 ι’.
500 3696 618 3763 pluribus
633 3698 657 3747 b.
762 3692 935 3762 aperterreri
948 3691 1061 3757 reliquos
1076 3689 1154 3741 facile
1166 3696 1194 3740 et
1205 3705 1249 3756 op·

118 3772 198 3841 primi
211 3771 249 3822 be
260 3772 329 3837 (pro
344 3772 422 3825 facile
435 3781 502 3826 onte
514 3792 587 3827 carr.
603 3775 691 3826 facore
700 3775 744 3839 Β).
852 3774 867 3824 d
880 3770 1203 3823 infelicitatisDans'sr'us:
1219 3775 1250 3820 tu

118 3852 266 3915 nqsenss's
277 3853 318 3899 sie
330 3852 458 3917 replica:
474 3853 497 3904 si
512 3869 585 3904 nemo
598 3881 634 3891 -
645 3853 797 3916 refugisset.
920 3849 1036 3899 nemioes
1049 3849 1083 3899 A.
1217 3862 1249 3898 ex

119 3928 204 3981 uode
216 3927 365 3993 fugisseC‚·
379 3947 411 3982 ex
421 3933 501 3983 caede
510 3933 631 3998 refugere
642 3934 687 3995 be,
702 3931 831 3982 excedere
845 3928 936 3993 fugere
945 3944 969 3979 e.
1074 3923 1248 3977 8referretb.

125 4002 128 4007 ’
232 4004 249 4057 Β
262 4006 424 4074 uelocitatis]
440 4008 578 4060 felicitatis
591 4010 625 4060 A.
792 4005 908 4056 bomiucs
921 4005 976 4057 ΒΟ
984 4005 1126 4055 Dobeeu
1139 4003 1254 4070 (suem

121 4084 237 4145 enses).
345 4083 376 4135 td
390 4086 415 4134 ln
431 4087 500 4135 trina
513 4101 560 4148 ae,
576 4087 645 4136 intra
657 4085 681 4135 B
693 4091 721 4136 et
732 4085 835 4149 reliqui
843 4084 979 4149 plerique.
1086 4080 1114 4131 ll
1132 4081 1251 4147 proprius

121 4161 155 4213 Β.
264 4161 346 4214 bostis
356 4163 486 4228 Arcu,
502 4166 591 4215 bostes
604 4182 618 4214 e
633 4164 767 4231 ‘reliqui'.
875 4160 905 4212 tt
916 4161 971 4210 fere
985 4159 1145 4210 consuetudo
1158 4159 1252 4211 estBe

122 4236 263 4304 ‘reliquf’,
280 4237 334 4290 fert
346 4241 508 4292 cousuetudo
522 4257 583 4292 cum
594 4241 667 4292 And.
684 4242 772 4292 oxon.
787 4254 815 4289 at.
934 4237 966 4290 tt
979 4236 1085 4287 dimissa
1098 4236 1143 4284 be.

122 4317 279 4385 equitesque
292 4316 338 4382 (Β)
348 4316 412 4382 ΟΒ,
426 4319 527 4384 equites
540 4319 565 4369 A
573 4319 587 4368 b
596 4334 620 4368 e.
727 4314 928 4383 inprudentibus
935 4315 969 4365 B.
1076 4312 1108 4364 15
1122 4312 1251 4378 omnibus]

122 4392 271 4445 bominibus
287 4396 356 4445 bes.
470 4397 603 4464 inprouiso
616 4396 649 4446 Β.
766 4395 944 4463 proeliumque
958 4393 1004 4444 Be
1019 4393 1092 4443 ‘mss
1106 4392 1250 4459 plm'que’,

122 4479 150 4522 et
161 4471 291 4539 praelium
305 4488 334 4522 u.
439 4473 616 4525 commississe
630 4472 663 4523 Β.
767 4471 799 4523 18
812 4471 965 4538 equitesque
979 4467 1025 4535 (B)
1034 4469 1099 4533 ΟΒ,
1114 4470 1215 4536 equites
1228 4468 1253 4518 A

123 4546 198 4599 brie.
305 4548 341 4603 22
352 4562 437 4615 poene
450 4548 483 4600 Β.
598 4549 633 4605 23
645 4555 723 4599 antea
737 4547 854 4600 diuidere
866 4547 947 4599 Adld
961 4547 1072 4611 ‘reliqua'
1080 4547 1098 4608 ’,·
1112 4546 1196 4596 dicire
1208 4545 1255 4594 ael

122 4624 211 4675 diuise
222 4638 256 4685 e,
277 4638 375 4690 angere
386 4626 460 4678 And.
476 4627 567 4680 Oneon.
581 4632 609 4678 et
620 4642 673 4678 seo.
687 4640 724 4676 m.
739 4625 771 4689 d,
794 4626 864 4678 etde·
876 4629 904 4676 et
916 4640 930 4674 e
942 4627 1043 4675 ocrim
1056 4629 1144 4674 anteo.

122 4700 158 4755 20
171 4698 256 4753 Gaias
268 4703 301 4766 B,
315 4701 345 4754 C.
359 4718 387 4753 rs.

150 4774 240 4822 cmo
260 4776 297 4823 ed.
313 4776 423 4837 lflpperd.
1061 4773 1100 4837 31
