2646 5124
417 620 559 693 COlddl.
575 620 917 695 meleta-76.
1230 623 1296 697 603

113 799 184 865 tuit.
207 796 266 864 llis
287 818 348 864 naa
362 797 443 882 legio
458 798 550 863 missa
565 797 715 884 praesidio
729 809 787 863 est.
816 796 874 863 llis
889 796 1041 883 explicitis
1055 795 1146 862 rebus
1161 797 1273 865 duas2

114 904 147 968 in
162 901 271 989 saeuis
285 899 422 985 legiones
437 899 580 980 retinuit,
598 900 730 984 reliquas
746 902 782 965 de
797 911 905 984 quarta
919 900 1020 984 uigilia
1037 899 1236 985 compluribus

114 1005 211 1092 portis
224 1003 349 1069 eductas
363 1002 466 1067 eodem
482 1003 592 1068 itinere
606 1003 764 1086 praemisit
778 1004 1038 1091 paruoqueppatio
1048 1002 1235 1082 intermisso,

115 1118 153 1173 ut
172 1117 205 1171 et
223 1105 353 1171 militare
366 1104 537 1169 institutum
553 1116 750 1184 seruaretur,
774 1116 807 1172 et
820 1126 906 1190 quam
922 1105 1075 1171 serissime
1089 1106 1154 1170 eius
1168 1127 1237 1191 pro·

78 1224 95 1275 t
119 1210 210 1275 lectio
231 1217 484 1295 cognosceretur,
508 1208 691 1274 outtelamari
705 1209 795 1274 iussit
809 1208 969 1292 statimque
984 1228 1125 1292 egressus
1139 1218 1169 1271 et
1184 1229 1237 1272 no·

116 1312 270 1378 nissimnm
285 1330 394 1396 quaen
409 1319 592 1377 consecutus
607 1310 749 1377 celeriter
762 1331 803 1375 ea
819 1321 983 1396 conspeetu
999 1320 1164 1375 castrorum
1179 1310 1240 1376 dis·

115 1416 221 1481 cessit.
251 1412 364 1498 Neque
385 1432 460 1478 uero
474 1410 637 1498 Pompeius
659 1413 782 1499 cognito
797 1414 924 1479 consilio
939 1414 1005 1479 eius
1020 1433 1133 1479 moram
1149 1414 1239 1479 ullam
1254 1411 1275 1480 3

115 1518 155 1582 atl
169 1516 384 1603 insequendum
398 1515 582 1597 intulitqsed
598 1519 621 1601 †
637 1516 740 1581 eadem
756 1527 909 1601 spectans,
918 1516 945 1580 si
960 1516 1070 1581 itinere
1083 1515 1241 1600 inpeditos

117 1620 296 1706 perterritos
309 1618 533 1705 deprehendere
547 1629 669 1703 posset,
694 1619 863 1684 nescitum
879 1639 897 1682 e
912 1617 1022 1683 eastris
1037 1617 1143 1683 eduxit
1157 1620 1241 1704 oqui·

67 1733 94 1789 tt
117 1733 273 1807 latumque
287 1722 441 1808 praemisit
454 1720 492 1786 ad
507 1721 702 1787 nouissimum
714 1742 821 1807 agmen
835 1720 1049 1788 demorantium
1061 1741 1159 1805 neque
1168 1743 1241 1787 oon·

117 1826 204 1910 sequi
227 1824 342 1910 potuit,
357 1823 441 1911 'qnod
460 1823 585 1891 multum
607 1824 749 1910 expedito
763 1823 873 1889 itinere
888 1832 1099 1889 antecesserat
1112 1818 1240 1889 Caesar.

117 1924 179 1994 Sed
193 1949 260 1993 eum
276 1937 399 1993 eentum
413 1937 498 1992 esset
511 1926 550 1991 ad
564 1926 675 1991 flumen
689 1923 865 2005 Genusum,
883 1926 960 2009 quod
975 1926 1049 2011 ripis
1065 1936 1134 1991 erat
1147 1927 1240 2012 impe-
1254 1926 1277 1993 d

118 2029 199 2110 ditis,
211 2041 391 2097 consecutus
402 2031 553 2114 equitatus
568 2028 749 2095 nouissimos
764 2029 878 2114 proelio
890 2027 1053 2095 detinebat.
1077 2026 1156 2093 lluic
1168 2028 1276 2095 sooa5

118 2127 236 2198 Caesar
246 2133 363 2217 equites
372 2132 510 2217 opposuit
518 2131 735 2218 expeditosque
744 2132 959 2216 antesignanos
967 2129 1127 2196 admiscuit
1135 2141 1238 2213 occup

67 2243 95 2298 tt
116 2235 167 2319 qui
187 2244 303 2299 tantum
326 2235 536 2320 proiecerunt,
560 2243 595 2300 ut
615 2234 748 2318 equestri
771 2235 885 2319 proelio
914 2234 1074 2301 commisso
1092 2233 1242 2318 pellerent

117 2356 224 2401 omnes
238 2335 1065 2422 compluresqueinterdicerentipsiqueiuoolumessead
1077 2354 1183 2419 agmen
1191 2356 1241 2401 re·

118 2437 269 2523 cipereut.
295 2434 443 2504 Confecto
457 2439 536 2504 iusto
550 2439 661 2506 itinere
675 2440 741 2505 eius
757 2439 828 2518 diei,
845 2439 923 2527 quod
939 2449 1148 2524 proposuerat,
1162 2434 1241 2503 Cae-
1252 2437 1298 2507 id

118 2561 174 2606 aar
188 2541 387 2625 traductoque
401 2541 538 2607 exercito
552 2541 660 2608 llumen
670 2539 826 2608 Genusum
840 2545 873 2606 aia
891 2541 1042 2607 ueteribus
1053 2542 1118 2608 suis
1129 2542 1241 2607 eastris

117 2653 224 2709 coutm
231 2642 433 2728 Asparagium
448 2643 584 2710 eomedit
597 2644 766 2729 militesque
782 2665 885 2710 omues
899 2644 979 2708 intra
995 2654 1163 2709 castrorum
1177 2666 1242 2708 mu·

67 2754 97 2811 to
117 2746 262 2811 nidorem
284 2746 435 2811 continuit
455 2746 679 2831 equitatumque
702 2767 755 2832 per
777 2768 896 2813 eausam
920 2748 1078 2833 pabulandi
1100 2748 1242 2812 emissum

120 2848 277 2914 oculatim
300 2849 466 2915 decumana
481 2860 570 2935 porta
583 2851 616 2914 in
631 2860 731 2915 castra
745 2870 779 2915 ae
794 2850 930 2936 recipere
945 2851 1046 2916 iussit.
1077 2846 1177 2916 Simili
1193 2869 1241 2914 ra·
1256 2847 1279 2915 2

118 2950 204 3016 tione
218 2948 378 3037 Pompeius
400 2953 538 3017 conlecto
559 2952 625 3017 eius
641 2951 699 3017 diei
714 2954 824 3019 itinere
839 2953 871 3018 iu
887 2953 949 3019 suis
965 2953 1118 3019 ueteribus
1132 2953 1241 3017 castris

117 3053 157 3119 ad
171 3053 373 3139 Asparagium
388 3056 536 3122 consedit.
558 3053 637 3121 Eius
652 3055 773 3135 milites,
784 3056 863 3140 quod
878 3057 915 3121 ab
931 3076 1021 3142 opere
1036 3054 1164 3140 integris
1177 3076 1241 3118 mu-

119 3155 284 3223 nitionibus
306 3156 467 3239 necabant,
485 3158 538 3225 alii
553 3158 686 3244 lignandi
702 3158 918 3244 pabulandique
933 3179 1025 3223 eausa
1040 3157 1158 3240 longius
1173 3178 1242 3241 pro·

67 3270 96 3325 tt
116 3258 351 3346 gradiebantur,
382 3260 453 3340 alii,
484 3261 562 3345 quod
582 3260 683 3326 subito
705 3261 863 3327 consilium
886 3260 1080 3347 profectionis
1102 3270 1243 3342 ceperant

117 3380 227 3447 magna
243 3372 328 3446 parte
341 3361 619 3448 impedimentorum
636 3373 667 3429 et
680 3365 868 3429 sarcinarum
883 3363 1000 3442 relicta,
1015 3363 1053 3427 atl
1067 3360 1141 3426 baec
1156 3383 1243 3446 repe·

120 3463 212 3531 lenda
225 3464 346 3530 inuitati
362 3466 581 3551 propinquitate
595 3467 784 3551 superiorum
797 3476 965 3531 castrorum
975 3464 1119 3551 depositis
1128 3465 1159 3528 in
1170 3486 1243 3529 oon·

118 3564 259 3631 tubernio
280 3567 373 3632 armis
395 3568 506 3633 uallum
526 3568 747 3654 relinquebant.
779 3568 896 3652 Quibus
911 3571 947 3633 ad
962 3568 1144 3653 sequendum
1160 3565 1278 3651 iope-3

119 3666 192 3733 ditis
207 3663 342 3750 Cumae,
366 3671 444 3754 quod
459 3672 525 3737 iore
540 3672 732 3757 prouiderat,
749 3673 913 3739 meridiano
929 3674 993 3737 lere
1008 3683 1141 3755 tempore
1155 3671 1242 3755 signo

67 3779 97 3835 tt
118 3771 314 3856 profectionis
338 3775 408 3838 dato
431 3773 597 3838 exereitum
620 3774 721 3840 edocit
741 3775 946 3860 duplicatoque
969 3776 1035 3840 eius
1060 3773 1119 3837 diei
1134 3772 1243 3837 itinere

117 3880 179 3937 Vltl
194 3874 276 3939 milia
289 3896 431 3962 passuum
447 3897 487 3942 ex
503 3896 540 3941 eo
554 3877 621 3942 loeo
636 3877 789 3963 procedit,
801 3878 879 3963 quod
895 3880 995 3944 iacere
1005 3876 1167 3962 Pompeius
1182 3876 1242 3940 dis·

230 4083 247 4135 1
259 4082 390 4138 aerlaairne
401 4083 534 4152 Scaliger,
549 4084 699 4138 auetiaslme
711 4101 729 4137 a
739 4085 810 4138 bed.
962 4086 978 4139 6
991 4094 1097 4138 secutus
1111 4086 1135 4138 b.

116 4159 165 4227 8†
176 4159 282 4228 eadem]
293 4160 325 4215 P.
341 4163 400 4216 tat.
507 4169 663 4229 exspectaus
677 4163 702 4214 b.
807 4163 829 4213 si
843 4162 869 4212 in
882 4163 975 4215 itinere
988 4164 1013 4215 b.
1116 4165 1131 4215 11
1143 4170 1245 4230 pertas·

118 4239 186 4291 ritca
199 4238 271 4303 cac,
285 4247 313 4291 ct
325 4241 481 4308 perterritos
493 4255 519 4291 tt.
659 4256 692 4293 ex
706 4240 731 4295 b.
868 4240 897 4293 11
915 4242 1093 4308 expedimento
1107 4258 1134 4293 tt.

119 4315 153 4369 11
166 4317 309 4369 somarium
323 4319 348 4368 b.
455 4318 487 4370 tt
500 4318 601 4385 ipsique
614 4333 631 4369 a
646 4318 720 4370 ‘attae
734 4317 811 4382 mat’,
826 4317 877 4384 ipsi
890 4317 949 4370 cod.
964 4316 1027 4369 Vra.
1041 4334 1068 4370 tt.
1176 4319 1208 4371 18
1217 4320 1243 4370 in

118 4410 188 4461 ego,-
200 4412 255 4447 om.
267 4413 284 4448 tt
294 4397 340 4461 bo,
352 4401 416 4463 post
428 4396 483 4447 auis
492 4400 575 4463 pouit
586 4412 614 4448 tt.
755 4396 788 4450 19
801 4404 945 4449 castrorum
959 4398 1126 4449 munitionem
1140 4400 1155 4450 b
1167 4405 1196 4449 ot
1206 4416 1241 4449 m.

114 4486 162 4538 pr.
177 4487 200 4536 e,
215 4480 361 4525 castrorum
374 4489 408 4538 a,
422 4472 519 4525 uallum
532 4481 679 4525 castrorum
692 4476 786 4524 ceteri.
904 4476 940 4529 22
952 4475 1009 4525 eius
1022 4475 1075 4527 diei
1088 4490 1104 4526 a
1120 4477 1194 4527 ‘assa
1208 4475 1243 4536 t·‚

118 4552 238 4605 eiusdem
250 4553 303 4605 diei
315 4569 343 4604 at.
463 4552 497 4607 2³
510 4553 566 4605 cina
579 4553 676 4605 milites
689 4552 761 4613 abc,
774 4552 882 4618 eiusque
896 4554 994 4605 milites
1007 4569 1034 4605 u.
1166 4555 1200 4603 11
1214 4552 1241 4601 li·

117 4628 239 4693 gandia.
345 4628 628 4695 25aliquidsubitob.
732 4628 1039 4699 26maguainpartea.
1158 4628 1244 4682 ttiu-

116 4707 254 4775 peditisa.
361 4708 392 4760 dl
407 4706 802 4775 nitiatdatt.,nit.a‘cttt'.
907 4723 1050 4777 pasturae.
