2646 5124
517 582 819 650 ...ῃ-...-

108 757 262 838 Caesare,
286 780 324 823 ac
345 778 384 822 ue
407 758 463 823 bos
484 757 603 844 quidem
625 758 780 823 uoluntate
802 757 894 842 ipsius
908 757 1107 844 interemptos
1123 755 1272 846 putas?

106 858 143 926 lu
159 881 300 926 sermone
315 880 389 924 uero
405 859 481 943 quod
496 860 570 923 uitia
585 862 729 943 quaedam
743 861 821 924 idem
836 857 1014 926 llodwellus
1036 863 1068 926 in
1092 863 1139 927 bis
1154 885 1222 929 com
1232 894 1272 907 -

106 965 264 1029 mentariis
285 963 517 1049 deprehendisse
538 962 596 1026 sibi
618 964 701 1026 nisus
717 974 781 1043 est,
800 965 864 1027 lere
879 964 979 1027 omnia
994 965 1144 1028 eiusmodi
1166 986 1223 1051 pro
1237 998 1272 1011 -

106 1067 193 1146 tulit,
218 1079 251 1131 ut
265 1069 352 1153 plane
369 1069 539 1132 facultatem
565 1068 601 1131 de
617 1068 664 1132 his
679 1067 769 1131 rebus
785 1066 935 1130 iudicandi
950 1066 979 1129 ei
995 1066 1128 1132 defuisse
1144 1087 1272 1153 appa-

105 1179 190 1233 reat:
215 1170 241 1234 si
264 1193 321 1254 qua
342 1183 424 1236 recte
448 1172 582 1245 notauit,
608 1191 626 1234 a
648 1170 735 1233 nobis
757 1189 849 1253 supra
871 1166 1013 1251 religiose
1033 1179 1108 1234 sont
1121 1173 1272 1235 relata..

105 1268 220 1336 Verum
237 1275 358 1357 quaein
374 1273 419 1338 his
434 1274 518 1338 libris
534 1273 762 1337 obseruauimns
777 1271 815 1336 ab
830 1292 886 1334 usn
902 1270 1086 1353 reliquorum
1103 1271 1272 1355 optimae

105 1375 214 1440 aetatis
229 1378 410 1462 scriptorum
426 1376 646 1460 discrepantia,
670 1395 707 1438 eo
727 1374 826 1438 minus
848 1373 993 1437 inferiore
1012 1382 1154 1457 tempore
1180 1373 1258 1439 bos

103 1481 334 1545 commentarios
361 1480 543 1564 compositos
565 1499 634 1543 esse
662 1478 825 1553 euincunt,
856 1497 924 1539 cum
954 1474 1090 1559 uulgaria
1116 1496 1245 1557 sermo,

103 1603 162 1666 quo
178 1583 232 1647 bos
247 1584 340 1647 libros
356 1583 484 1666 scriptos
501 1602 568 1645 esse
584 1582 730 1659 uidimus,
754 1599 852 1661 nequo
871 1577 946 1641 satis
968 1578 1056 1640 nobis
1079 1589 1175 1644 notus
1196 1579 1250 1644 ait

102 1695 135 1748 et
148 1686 294 1768 permulta
316 1685 477 1769 peculiaria
502 1694 533 1748 et
553 1704 570 1746 a
592 1694 676 1747 recta
697 1682 813 1746 dicendi
833 1681 953 1744 ratione
967 1679 1165 1745 abhorrentia
1181 1682 1244 1747 ba-

103 1784 203 1851 buerit
218 1807 343 1852 uccesse
358 1787 408 1851 sit.
448 1782 537 1868 Quod
552 1785 577 1848 si
594 1786 643 1850 cui
658 1785 688 1849 hi
704 1784 771 1847 libri
789 1783 877 1846 llirtii
893 1792 994 1846 aetate
1009 1783 1117 1873 scripti
1132 1793 1166 1848 et
1181 1784 1239 1855 de-

102 1888 225 1972 perditis
241 1889 306 1952 eins
321 1888 546 1953 commentariis
561 1888 705 1953 inferiore
720 1897 854 1970 tempore
876 1883 913 1947 ab
935 1883 994 1947 alio
1017 1884 1159 1965 bomine,
1182 1886 1236 1971 qni

101 2010 156 2054 eos
172 2010 244 2054 casu
260 2000 365 2054 nactus
388 2001 488 2068 esset,
516 1991 553 2053 ad
576 2000 747 2053 truncatum
770 2008 879 2072 eorpus
901 1986 1096 2071 supplendum
1120 1988 1234 2061 adieoti

102 2092 386 2170 emendabuntur,
410 2093 437 2155 is
452 2092 571 2170 uideat,
594 2113 631 2155 ne
648 2112 710 2155 rem
727 2110 822 2174 aeque
844 2087 1049 2154 incredibilem
1072 2090 1234 2154 commini-

101 2205 223 2274 scatnr,
249 2196 323 2260 dnos
345 2195 455 2273 libros,
480 2215 605 2278 quorum
627 2197 722 2259 forma
744 2191 916 2258 deterrebat
936 2192 1036 2276 potius
1058 2212 1076 2254 a
1098 2191 1229 2277 legendo

101 2318 189 2382 mam
204 2296 371 2373 alliciebat,
390 2306 519 2360 aetatem
535 2296 650 2360 laturos
665 2297 776 2375 luisse,
800 2295 857 2359 uisi
873 2297 957 2358 claro
972 2290 1117 2360 Caesaris
1134 2296 1229 2361 nonai·

101 2420 140 2464 ne
155 2401 192 2464 ab
208 2400 332 2465 interitu
347 2409 451 2463 essent
467 2399 621 2462 uindicati.
652 2394 755 2480 ltaque
776 2399 874 2463 nullos
895 2398 971 2461 alios
986 2397 1079 2461 libros
1095 2397 1134 2461 de
1147 2397 1228 2463 bello

100 2502 247 2567 Africano
278 2514 309 2567 et
330 2500 526 2585 Hispaniensi
555 2522 621 2565 cum
653 2497 796 2565 Caesaris
825 2499 976 2584 Hirtiique
1004 2501 1227 2565 commentariis

101 2606 227 2690 primum
243 2606 340 2670 editos
356 2625 424 2668 esse
440 2624 527 2686 qnam
545 2604 598 2667 hos
614 2604 696 2688 ipsos
711 2604 902 2667 statuendum
919 2611 975 2665 est.
1016 2601 1110 2666 llirtii
1125 2615 1226 2669 autem

100 2709 193 2773 uerba
208 2707 259 2772 illa
274 2709 305 2771 in
321 2707 449 2792 epistola
472 2706 509 2769 ad
524 2703 650 2770 Balbum
673 2708 771 2789 posita
794 2706 868 2769 nihil
892 2706 961 2769 huio
982 2706 1027 2769 rei
1047 2705 1222 2786 obstabunt,

98 2812 187 2874 modo
202 2831 269 2874 enm
287 2810 502 2893 praelationem
519 2810 601 2892 prius
617 2830 703 2892 quam
719 2811 800 2894 ipsos
824 2810 916 2872 libros
939 2808 1097 2891 scripsisse
1109 2800 1226 2873 'existi-

98 2933 225 2976 memus.
259 2908 335 2976 Cum
352 2913 432 2977 enim
448 2923 531 2976 certo
554 2924 690 2997 speraret
713 2935 746 2977 se
769 2910 999 2975 commentarios
1016 2906 1161 2975 Caesaris
1177 2934 1226 2977 us·

98 3035 156 3097 que
172 3015 209 3078 ad
224 3026 349 3079 mortem
365 3016 429 3079 eins
445 3017 650 3080 coniecturum
666 3038 753 3090 esse,
771 3017 807 3078 de
824 3015 861 3078 iis
877 3014 981 3093 libris,
999 3034 1073 3095 quos
1088 3015 1225 3080 scribere

97 3116 232 3196 uolebat,
250 3128 400 3205 tamquam
416 3119 451 3182 de
468 3120 609 3202 perlectis
626 3120 721 3197 dixit3
739 3119 827 3202 idque
842 3139 901 3199 quo
917 3117 1013 3180 minus
1029 3116 1161 3196 laceret,
1181 3118 1226 3182 ni-

97 3220 140 3285 bil
154 3221 344 3306 impediebat,
376 3206 520 3304 siquidem
537 3223 594 3287 nisi
611 3241 669 3285 una
685 3242 753 3284 cum
767 3221 805 3284 iis
821 3240 859 3283 nc
875 3220 1088 3304 praelationem
1105 3221 1225 3302 quidem

95 3326 233 3390 editurus
249 3336 327 3390 erat.
352 3321 441 3407 Quod
457 3326 484 3389 si
499 3347 620 3391 causam
636 3324 818 3407 quaerimus,
837 3344 892 3385 cur
906 3322 1055 3407 inceptum
1072 3342 1133 3385 non
1149 3343 1225 3387 exe·

95 3439 184 3492 cutus
199 3429 250 3504 sit,
268 3427 397 3491 subitam
412 3439 538 3492 mortem
555 3428 742 3511 prohibuisse
759 3435 893 3509 apertum
910 3434 967 3488 est.
993 3422 1074 3487 Nam
1089 3422 1224 3489 Hirtium

96 3526 152 3589 uix
166 3538 237 3590 ante
248 3549 363 3593 annum
377 3528 438 3608 43,
462 3551 521 3615 quo
537 3531 643 3593 consul
660 3551 726 3592 cnm
741 3525 843 3592 Pansa
860 3527 933 3603 init,
959 3526 1014 3589 hos
1037 3527 1130 3590 libros
1145 3528 1225 3592 scri·

95 3627 169 3693 bere
184 3649 362 3713 aggressum
378 3649 447 3694 esse
462 3631 572 3694 indicio
588 3641 655 3709 est,
682 3631 759 3714 quod
783 3651 830 3715 ep.
849 3630 885 3694 ad
901 3626 990 3693 llalb.
1008 3630 1038 3712 ἕ.
1054 3627 1077 3692 2
1092 3648 1125 3691 se
1141 3624 1224 3694 Cae-

95 3731 175 3795 saris
191 3731 423 3793 commentarios
438 3733 615 3814 perduxisse
631 3733 674 3797 ait
697 3741 811 3816 ‘usqua
835 3733 871 3797 ad
895 3732 1010 3796 exitum
1025 3751 1086 3793 noo
1102 3731 1224 3814 quidem

94 3833 194 3897 ciuilis
210 3832 426 3910 dissensionis,
450 3833 536 3897 cuius
552 3837 638 3899 linem
654 3837 767 3900 nullum
792 3836 946 3911 uidemus,
971 3836 1024 3899 sed
1043 3833 1126 3896 uitae
1142 3828 1224 3899 Cae·

94 3935 197 3999 saris'.
228 3934 309 3999 Nam
326 3936 362 4000 dc
377 3935 458 4000 ciuili
473 3938 663 4002 dissensione
686 3939 742 4002 boo
764 3940 851 4003 modo
868 3939 925 4002 dici
942 3948 1003 4000 tum
1021 3936 1137 3999 demum
1154 3946 1222 4020 pot-

93 4050 178 4117 erat,
204 4048 359 4122 postquam
381 4035 567 4105 0ctauianus
589 4052 751 4107 ueteranos
774 4051 881 4105 contra
896 4039 1064 4103 Antonium
1086 4039 1221 4104 concitu-

93 4150 193 4218 uerat,
211 4140 296 4224 isque
312 4142 349 4204 ad
365 4142 559 4208 obsidendum
577 4142 705 4207 Brutum
721 4144 751 4206 in
768 4140 897 4207 Galliam
914 4142 1117 4219 discesserat,
1141 4161 1219 4225 quac

93 4243 171 4306 lacta
188 4254 258 4306 sunt
273 4239 399 4308 Octobri
414 4266 518 4309 mense
532 4247 604 4309 anni
619 4246 662 4309 44
677 4253 689 4323 (
699 4243 767 4311 Cic.
785 4245 863 4310 Phil.
880 4242 944 4323 Ill,
968 4243 1007 4319 8,
1030 4241 1105 4327 20).
1145 4242 1220 4308 Hir·

93 4344 281 4422 dueentem,
299 4367 365 4409 cum
383 4369 423 4410 ex
438 4350 566 4412 aduersa
583 4349 767 4426 ualetudine,
784 4369 843 4436 qna
859 4357 997 4412 extremo
1007 4368 1085 4410 anuo
1094 4344 1138 4409 44
1153 4348 1220 4411 iue-

92 4458 142 4511 rat
156 4458 331 4533 correptus‚
356 4453 485 4515 nondum
502 4453 589 4537 plane
605 4451 825 4530 conualuisset,
850 4450 937 4515 initio
952 4450 1023 4513 anui
1038 4447 1081 4512 43
1096 4449 1219 4533 paluda-

92 4560 140 4615 tus
162 4551 199 4615 ud
222 4547 372 4616 Mutinam
395 4556 546 4637 proiectus
569 4564 618 4618 est
644 4548 734 4636 (Cic.
759 4550 839 4616 Phil.
864 4550 943 4631 Vll,
971 4552 1009 4631 4,
1036 4550 1095 4631 12)
1118 4551 1218 4635 ibique

91 4675 194 4720 mense
209 4653 307 4740 Aprili
324 4677 390 4719 cum
405 4655 539 4722 Antonio
555 4676 739 4741 congressus
761 4656 860 4720 uictor
880 4655 912 4720 in
935 4655 1001 4720 acie
1015 4654 1105 4739 periit
1123 4651 1214 4736 (Cic.
