2646 5124
469 612 615 685 GAPV’I'
633 616 786 684 ts-sr.
1184 624 1246 697 ops

59 792 213 877 eriperent
228 788 413 853 facultatem.
450 786 596 853 Eiusdem
611 790 699 854 collis
714 789 877 874 occupandi
893 790 1020 877 [gratia]
1035 792 1189 865 Labienus
1205 800 1225 864 3

60 893 219 959 eonsilium
229 901 352 976 ceperat
359 902 401 969 et,
412 911 470 974 quo
478 892 617 976 propiore
625 891 692 956 loco
701 893 809 971 iuerat,
819 912 856 955 eo
864 893 992 959 celerius
1001 912 1186 964 occurrerat.

60 994 138 1061 Erat
151 994 301 1060 wuuallis
316 994 391 1058 satis
407 1014 515 1077 magua
530 994 704 1071 latitudine,
729 994 884 1059 altitudine
900 1008 1057 1081 praerupta
1073 1001 1188 1068 crebris
1200 1006 1247 1076 50

60 1100 137 1164 loeis
152 1100 314 1183 speluncae
327 1097 359 1159 in
375 1096 493 1159 modum
509 1096 654 1174 subrutis,
672 1117 748 1179 qnae
763 1108 830 1161 erat
846 1099 1092 1182 transgredienda
1109 1099 1188 1169 Cne-

24 1213 40 1264 s
63 1202 140 1291 sari,
156 1211 314 1283 uunquam
329 1200 367 1263 ad
383 1217 451 1262 eum
466 1197 585 1276 coliem,
600 1219 686 1281 quem
702 1220 810 1282 capere
826 1199 956 1277 uolebat,
968 1204 1188 1287 perueniretur,

61 1304 199 1386 ultraque
218 1322 286 1367 earn
309 1300 477 1365 conuallem
491 1300 635 1363 olinetnns
652 1312 740 1365 uetus
754 1301 871 1365 crebris
885 1302 1043 1368 arboribus
1059 1308 1190 1372 conden-

59 1426 137 1470 sunr.
169 1404 230 1470 liic
244 1424 311 1468 cunr
326 1400 480 1467 Labienus
495 1403 762 1466 animaduertisset
776 1399 955 1479 Caesarem,
975 1407 1001 1469 si
1016 1408 1106 1472 uellet
1121 1429 1189 1474 euni
1204 1412 1226 1477 2

60 1509 160 1572 locum
174 1526 342 1591 occupare,
368 1504 449 1589 prins
465 1523 592 1568 necesse
606 1524 676 1568 esse
692 1505 857 1569 conuallem
874 1506 1075 1591 olinetunque
1090 1520 1190 1577 trans·

61 1609 168 1693 gredi,
184 1626 289 1671 eorum
303 1607 435 1671 locorum
453 1608 568 1689 peritus
585 1607 616 1671 in
631 1606 749 1671 insidiis
764 1628 830 1670 cum
848 1620 933 1691 parte
949 1611 1099 1692 equitatus
1114 1614 1190 1678 leui·

10 1722 38 1775 tn
61 1731 120 1793 que
142 1719 293 1774 armatura
315 1709 451 1773 consedit
471 1719 502 1771 et
522 1719 679 1792 praeterea
695 1719 763 1792 post
778 1720 908 1773 montem
925 1711 1094 1796 [collesque
1109 1712 1188 1780 Cae·
1204 1716 1224 1780 3

61 1812 126 1877 sari
141 1811 242 1877 subito
256 1832 291 1879 se
304 1811 493 1901 estenderet]
510 1812 625 1893 equites
641 1812 672 1874 in
688 1812 804 1875 occulto
820 1812 1040 1892 collocanerat,
1059 1826 1103 1894 ut,
1120 1838 1187 1881 curn

59 1914 124 1999 ipsc
145 1934 187 1977 ex
207 1914 363 1999 inprouiso
378 1914 563 1998 legionarios
578 1913 701 1977 adortus
716 1923 818 1990 esset,
843 1934 883 1978 ex
898 1914 975 1979 colle
990 1937 1024 1980 sc
1038 1919 1188 2001 equitatus

61 2017 249 2094 ostenderet,
268 2028 299 2081 et
313 2038 348 2081 re
363 2016 473 2101 duplici
489 2014 677 2100 perturbatus
693 2013 812 2080 Caesar
825 2016 950 2100 eiusque
964 2019 1117 2083 exercitus
1133 2042 1188 2085 ue-

61 2138 118 2203 qnc
138 2129 228 2183 retro
243 2118 437 2205 regrediuudi
453 2138 551 2202 neque
566 2118 645 2181 ultra
661 2119 842 2201 procedendi
857 2118 956 2183 oblata
974 2120 1113 2186 facultate
1127 2124 1187 2187 cir·

10 2230 239 2297 temnentes
267 2220 491 2286 concideretur.
524 2216 643 2285 Caesar
672 2231 829 2304 postquam
851 2222 987 2303 equitatu
1008 2234 1078 2287 anto
1099 2224 1224 2308 prae-d

59 2322 153 2389 naisso
174 2321 290 2387 inscius
312 2322 486 2387 insidiarum
503 2322 622 2386 eumad
639 2340 705 2384 enus
721 2323 818 2385 locum
835 2321 990 2400 uenisset,
1014 2324 1105 2387 abditi
1121 2327 1187 2390 sinc

59 2426 148 2491 obliti
171 2435 396 2509 praeceptorum
410 2423 539 2490 Labieni
561 2423 626 2488 siue
650 2423 757 2499 ueriti,
782 2442 821 2485 ne
842 2423 873 2485 iu
888 2424 970 2487 fossa
985 2424 1022 2487 ab
1038 2426 1188 2507 equitibus

60 2528 318 2613 opprimerentur,
343 2526 406 2592 rari
426 2548 463 2591 ac
484 2527 595 2610 singuli
618 2527 655 2590 de
676 2544 751 2609 rupe
774 2524 894 2608 prodire
909 2533 941 2589 et
955 2546 1070 2589 sumnia
1086 2532 1189 2610 petere

60 2630 159 2695 cellis.
188 2624 273 2712 Quos
288 2624 434 2695 Caesaris
449 2630 565 2713 equites
581 2628 734 2693 consecuti
750 2627 858 2710 partius
873 2629 1102 2705 interfecerunt,
1120 2629 1222 2712 par-5

10 2742 39 2797 te
62 2734 114 2797 tior
134 2733 272 2797 uiuorum
294 2742 366 2797 suut
381 2732 485 2816 potiti,
509 2733 616 2796 deiude
632 2732 768 2816 protinus
784 2729 890 2794 collenr
906 2742 1010 2815 petere
1025 2731 1187 2794 contende·
1202 2730 1224 2795 6

60 2844 134 2899 ruat
154 2846 242 2917 atque
262 2856 330 2898 enus
344 2834 472 2899 decusso
487 2832 616 2898 Labieni
634 2833 782 2918 praesidio
798 2833 939 2896 celeriter
953 2844 1188 2918 occupauerunt.

58 2934 217 3001 Labienus
239 2958 305 3000 cum
327 2947 411 3022 parto
432 2938 564 3020 equitum
586 2936 641 3000 uix
662 2938 731 3020 iuga
747 2935 803 2999 sibi
818 2936 935 3021 peperit
949 2935 1088 3000 salutem.
1120 2934 1186 2999 Hoc
1203 2934 1242 3006 51

60 3060 94 3104 rc
114 3059 171 3122 per
184 3039 299 3123 equites
313 3050 401 3123 gesta
416 3037 534 3104 Caesar
547 3036 714 3123 legionibus
730 3058 818 3123 opera
834 3039 985 3103 distribuit
999 3050 1087 3121 atque
1103 3039 1133 3102 in
1149 3058 1186 3103 eo

62 3141 158 3219 nolle,
182 3162 240 3224 qno
263 3152 330 3205 erat
344 3143 475 3227 potitus,
501 3151 600 3206 castra
616 3142 753 3204 muniuit.
784 3139 902 3205 Deinde
917 3141 954 3205 ab
969 3143 1032 3204 suis
1047 3138 1223 3206 maximini

10 3254 37 3307 tn
58 3245 168 3309 castris
188 3264 243 3328 per
263 3244 394 3308 medium
409 3264 544 3329 eampum
560 3264 577 3308 e
593 3245 718 3327 regione
734 3244 831 3328 oppidi
848 3242 989 3318 Vzittae,
1014 3240 1093 3323 quod
1109 3241 1188 3304 inter

59 3366 116 3410 sua
138 3357 241 3411 castra
261 3357 294 3410 et
308 3342 461 3431 Scipionis
484 3349 516 3411 iu
539 3346 667 3432 planicie
690 3346 818 3430 positum
844 3353 910 3407 orat
931 3341 1147 3424 tenebaturque
1169 3362 1189 3404 o

59 3446 217 3533 Scipione,
233 3449 292 3513 dno
307 3448 430 3513 brachia
445 3450 575 3513 instituit
591 3450 657 3512 duci
673 3448 760 3511 etita
777 3446 923 3528 dirigere,
946 3454 979 3507 ut
994 3443 1030 3507 ad
1047 3443 1188 3527 angulum

59 3550 202 3615 dextrum
216 3553 430 3635 sinistrumque
445 3554 511 3617 eius
527 3552 625 3635 oppidi
641 3548 850 3614 conuenirent.
868 3545 900 3610 ld
917 3546 970 3610 hac
982 3547 1101 3611 ratione
1113 3566 1187 3631 opus
1202 3546 1223 3610 3

59 3650 239 3733 instruebat,
255 3664 301 3733 ut,
314 3674 380 3718 crana
397 3655 517 3740 propius
533 3653 670 3740 oppidum
686 3651 788 3736 copias
804 3650 986 3715 admouisset
1000 3670 1186 3734 oppugnare-

59 3912 214 3978 eripueruut
226 3911 304 3963 codd.
322 3911 352 3962 P.
361 3913 421 3964 til.
531 3913 635 3976 iprutia
647 3910 776 3963 cloelius
788 3913 911 3978 spurium
925 3926 982 3960 csse
994 3910 1076 3961 uidit.

57 3990 76 4039 1
88 3994 149 4038 erat
160 4000 230 4036 nnus
243 3988 308 4053 det„
323 3997 399 4040 eraut
410 3988 523 4054 reliqui.
538 3990 569 4039 P.
583 3990 633 4041 111
647 3994 721 4039 extr.
835 3986 1053 4050 transgredienda
1066 4002 1088 4046 r,
1103 3992 1188 4033 trans-

58 4063 222 4130 grediendae
233 4078 251 4114 u
264 4066 289 4115 b.
394 4068 483 4118 besse
497 4068 521 4130 b,
537 4082 590 4118 om.
604 4082 622 4117 e
636 4068 710 4117 ‘mcc
720 4064 866 4133 pleripacc'.
976 4064 1007 4115 te
1021 4060 1129 4112 Caesari
1144 4076 1187 4110 su-

59 4143 114 4195 bito
127 4156 157 4192 se
170 4142 349 4196 ostenderetis
362 4146 377 4196 b
390 4162 460 4196 arnus
474 4146 529 4195 det.
544 4149 661 4211 itemquo
672 4148 769 4211 porrois
781 4144 897 4192 mutatis
911 4140 1013 4190 litteris
1025 4137 1141 4204 reliqui,
1155 4138 1188 4189 de

58 4224 156 4289 paribus
169 4226 293 4287 ιοιιιιιιι,
310 4239 364 4274 om.
378 4224 465 4276 Aldus
478 4240 504 4273 ιι.
519 4224 549 4274 P.
564 4224 625 4274 215.
736 4222 768 4273 11
781 4218 916 4284 inprouiso
929 4230 956 4266 a.
1064 4214 1093 4268 13
1108 4225 1134 4268 et
1147 4220 1186 4282 (a)

58 4302 89 4352 P.
100 4298 250 4366 Honestius,
262 4310 290 4354 ut
304 4304 377 4354 ‘mee
384 4301 530 4368 pleriquc’.
638 4299 668 4350 il
679 4295 851 4360 regredeuudi
863 4309 889 4359 ιι,
900 4292 1042 4358 gredeuudi
1052 4294 1076 4345 b.

60 4379 91 4432 15
105 4386 241 4446 postquam
254 4395 281 4443 ιι,
295 4396 349 4431 om.
365 4381 425 4430 edd.
440 4380 472 4430 P.
490 4377 531 4429 17.
685 4376 716 4427 ib
730 4374 812 4425 abditi
825 4387 883 4439 ego,
899 4372 973 4422 abusi
987 4372 1064 4425 codd.
1078 4374 1109 4426 P.
1123 4376 1184 4427 215.

166 4459 519 4527 22equitum1equitatusb.
624 4453 934 4521 tisonisersunputo.
1039 4452 1184 4507 ibl'rittae

56 4553 85 4601 a,
96 4532 191 4589 Vaitae
204 4554 232 4589 ιι.
343 4538 377 4590 ‘tu
391 4538 526 4605 planitiem
539 4550 564 4586 α.
677 4533 710 4587 27
725 4535 838 4600 dirigere
853 4530 974 4600 Lipsius,
988 4533 1091 4598 erigere
1104 4530 1183 4590 codd.

165 4616 200 4669 28
213 4617 367 4668 conueniret
376 4633 403 4667 a.
531 4612 557 4663 id
571 4612 619 4663 bae
632 4610 815 4679 libellircnus,
830 4612 856 4662 iu
869 4612 917 4662 bac
932 4612 961 4673 b,·
975 4612 993 4661 l.
1010 4612 1028 4659 i.
1042 4624 1074 4671 a,
1090 4606 1110 4656 l.
1125 4606 1142 4655 i.
1158 4622 1183 4667 o,

57 4696 77 4747 ii
89 4694 150 4747 eod.
165 4692 249 4747 Vra:
263 4710 333 4763 quoe
345 4694 415 4761 quid
425 4694 591 4759 significent,
605 4693 705 4741 nescio.
809 4690 844 4745 29
857 4686 987 4754 oppidum]
1001 4683 1113 4734 hostiurn
1128 4684 1153 4735 b.

948 4765 1012 4830 lala*
