2646 5124
501 568 807 641 -Μ--ι

92 774 163 819 unni
178 750 307 836 speciem
323 747 516 833 praeberent.
561 743 626 813 len
647 768 716 811 enm
737 746 771 813 in
784 766 965 833 unaqueque
978 746 1104 831 legione
1118 756 1217 815 unt

92 854 236 939 manipuli
251 853 386 935 triginta,
402 852 433 916 in
448 852 574 916 coborte
587 862 664 930 tres,
680 868 723 917 cx
737 860 880 935 quattuor
888 850 1062 937 legionibus
1075 850 1219 919 einen·

93 972 154 1025 tum
169 968 200 1023 et
215 956 321 1043 uiginti
337 956 496 1041 manipulis
510 974 570 1017 nno
585 954 674 1018 modo
688 974 748 1019 sex
761 954 898 1031 legionen
912 954 993 1019 effici
1008 964 1220 1041 petenen-nt

92 1061 222 1147 singulis
236 1057 403 1145 legionibus
418 1080 473 1143 pro
489 1056 614 1122 tricenis
630 1056 788 1143 manipulis
803 1056 902 1122 niceni
913 1056 1135 1123 tribuerentur.
1155 1054 1220 1123 llee

94 1175 192 1231 eutem
207 1164 250 1227 ite
265 1162 355 1227 debut
368 1162 542 1246 aptissime,
567 1170 602 1224 nt
622 1160 748 1247 singulis
763 1159 937 1253 pobortibus
950 1160 1064 1245 cinguli
1078 1158 1219 1247 neniprll

93 1267 343 1333 detraherenturz
373 1266 416 1329 ite
440 1264 520 1329 enirn
542 1262 710 1327 cohortium
739 1282 855 1347 qnoque
882 1282 1028 1327 summm
1049 1262 1219 1349 consulet.

93 1368 199 1455 lteque
213 1365 380 1435 Caesarem
395 1368 435 1431 ite
450 1366 611 1451 scripsisse
632 1364 781 1430 erbitrore
807 1372 896 1431 ‘cunr
915 1364 1032 1431 duobus
1051 1364 1219 1453 legionib-

94 1474 127 1539 in
141 1473 261 1538 occultu
276 1471 407 1551 restitit,
424 1470 557 1553 reliqum
572 1467 674 1553 copies
689 1488 756 1533 enm
771 1467 909 1533 omnibus
924 1468 1168 1553 impedimentis,
1183 1472 1219 1533 Ἰ

94 1586 267 1653 consueret,
284 1570 514 1657 misitmem'plie
527 1570 657 1657 cingulis
672 1571 803 1657 demptis
816 1570 1004 1649 cohortibus,
1017 1572 1062 1635 nti
1077 1588 1219 1637 num

93 1681 245 1765 legionum
261 1686 404 1740 constare
418 1672 604 1741 uideretur'e
621 1693 658 1738 ee
673 1683 794 1751 sutem,
811 1692 888 1757 ane
902 1672 934 1737 in
948 1672 1105 1739 codicibus
1119 1674 1219 1759 legen·

95 1794 163 1861 tur,
189 1779 305 1865 ‘ceptis
321 1778 494 1861 quibusdem
510 1775 702 1842 eobortibue’
723 1777 765 1841 ite
780 1796 823 1841 ex
836 1776 897 1841 illie
920 1774 1081 1861 ‘maniplie
1094 1774 1219 1861 edrgffl

94 1884 226 1970 demptis
237 1879 420 1945 eubortibus’
435 1890 503 1943 orte
514 1880 669 1957 existimo,
681 1890 717 1943 nt
726 1878 850 1943 extritis
861 1877 996 1963 spllebie,
1013 1900 1090 1963 ques
1101 1878 1219 1945 dim

93 1985 262 2051 litterarum
278 2002 392 2066 genere
406 1982 557 2065 expressi,
573 1982 711 2067 reliquae
720 1982 753 2045 in
767 1984 893 2047 formem
911 1982 1059 2066 quendem
1075 1980 1219 2049 unffi

95 2096 373 2171 corrumperentur.
406 2080 537 2169 ‘Ceptis'
552 2096 652 2151 entem
676 2083 864 2170 ‘quibusdem
879 2084 1065 2151 cohortibus*
1079 2086 1114 2151 in
1126 2084 1219 2151 enei·

94 2191 151 2255 bus
165 2189 316 2254 codicibus
330 2187 474 2273 scriptum
489 2198 538 2253 est
551 2199 672 2273 proeter
686 2186 775 2252 Leid.
794 2198 865 2253 tert.
881 2184 980 2253 Dum.
995 2184 1094 2269 Dok,
1110 2188 1144 2255 in
1158 2186 1219 2275 qu'·

95 2294 152 2359 bns
167 2305 216 2359 est
231 2292 370 2377 ‘demptis
385 2291 559 2375 quibusdem
575 2290 772 2369 cuburtibne',
788 2302 821 2355 et
832 2290 913 2357 And.
931 2288 1093 2369 etOxon.,
1110 2292 1145 2357 ix
1158 2290 1218 2377 qd·

94 2399 151 2463 bus
168 2398 277 2483 ‘neptis
291 2398 406 2478 quartis
422 2395 595 2478 quibusque'
611 2394 659 2479 (in
672 2392 778 2460 Oxou.
792 2393 948 2479 ‘quidem')
966 2394 1166 2459 ‘enbortibue'
1179 2396 1218 2461 le·

94 2502 193 2587 gitur:
221 2499 373 2583 ‘quartis’
390 2498 481 2562 etiem
496 2498 527 2560 in
543 2494 632 2560 Leid.
650 2517 715 2561 suu.
731 2498 874 2581 seriptum
890 2508 948 2561 est.
995 2495 1060 2561 llos
1075 2496 1218 2581 pessimun

95 2707 210 2789 quartis
225 2706 392 2788 quibusque
407 2702 596 2767 cohortibus'
618 2702 796 2766 ediderunt:
819 2703 927 2786 quibus
943 2703 1121 2768 enarrandis
1134 2698 1218 2768 Feld·

96 2808 256 2872 beusebius
272 2807 327 2883 (in
343 2808 459 2890 uphem.
476 2805 621 2869 sebolust.
638 2825 668 2866 n.
688 2802 772 2869 1830
792 2803 841 2885 ll,
865 2805 930 2889 13)
944 2826 1067 2892 operum
1082 2804 1218 2891 perdidit·

182 2905 221 2971 (l.
239 2906 294 2984 lli,
314 2906 329 2968 l
347 2908 421 2972 been
436 2908 585 2971 eduntur:
611 2903 738 2991 ‘Oppidi
754 2930 858 2974 murus
873 2910 910 2975 nb
927 2909 1047 2994 planitie
1062 2919 1155 2993 atque
1167 2906 1218 2973 ini·

97 3011 139 3075 tio
154 3031 300 3075 ascensus
318 3020 399 3073 reete
415 3011 552 3093 regione,
569 3010 595 3074 si
611 3011 710 3074 nullus
725 3014 888 3077 amfractus
903 3008 1118 3090 intercederet,
1132 3004 1218 3077 blec

96 3135 202 3200 pessus
217 3113 332 3177 oberat.
365 3109 515 3197 Quidquid
537 3114 605 3178 buic
627 3114 771 3177 circuitus
787 3115 824 3178 nd
840 3108 1030 3179 molliendum
1047 3115 1161 3179 clinum
1174 3134 1218 3179 ec·

96 3228 244 3295 cesserat,
263 3216 290 3279 id
307 3217 433 3302 spatium
450 3218 569 3282 itineris
590 3215 741 3298 sugebut'.
787 3214 823 3280 In
847 3220 893 3282 bis
915 3217 1018 3282 uerbis
1039 3216 1156 3281 nullum
1178 3224 1217 3281 ed

96 3324 292 3399 uocabulum,
310 3342 369 3405 qun
385 3344 550 3407 pronomen
568 3321 669 3386 ‘huic'
686 3320 793 3384 relerri
810 3321 915 3404 possit.
962 3317 1122 3385 Sententia
1145 3318 1217 3384 eni!

98 3422 172 3488 baec
188 3435 246 3489 est.
279 3421 313 3488 Si
330 3436 414 3490 reeta
429 3427 554 3511 regione
569 3425 696 3488 nduersu
712 3422 789 3485 colle
804 3424 840 3486 nd
863 3424 1000 3508 oppidum
1021 3420 1217 3506 proficiscili·

97 3527 231 3603 cuisset,
256 3527 381 3607 spetlum
404 3526 524 3589 itineris
540 3521 631 3588 MCC
655 3545 761 3607 pessus
778 3526 896 3590 luisset.
942 3523 1004 3590 Sed
1026 3525 1112 3589 collis
1135 3522 1217 3589 nimir

96 3636 165 3688 eret
179 3627 304 3704 arduus,
321 3648 381 3709 quo
396 3629 494 3691 miuus
510 3627 538 3689 id
555 3628 618 3690 lieri
636 3638 749 3711 posset.
781 3625 887 3711 ltaque
902 3639 936 3691 ut
950 3628 1088 3692 molliore
1103 3626 1217 3692 coelici·

98 3737 160 3791 tute
175 3728 283 3804 iretur,
300 3728 426 3811 primum
441 3728 561 3811 obliquo
576 3730 653 3795 colle
668 3730 876 3794 sinistrorsum
895 3731 1145 3816 proficiscendum
1159 3738 1217 3795 erul

96 3831 112 3913 (
121 3849 188 3892 unm
204 3850 221 3892 n
238 3829 346 3893 dextre
362 3840 446 3914 perte
461 3828 579 3895 lluedui
595 3833 806 3911 mittebantur,
831 3857 860 3899 e.
877 3834 920 3898 ⁴5
935 3836 1041 3916 extr.)
1063 3843 1095 3897 et
1117 3830 1217 3898 deinde

98 3932 178 3996 lloxo
194 3934 225 3996 in
241 3934 364 3997 alterum
381 3944 495 4016 purtem
510 3935 619 4000 itinere
634 3937 671 4000 sd
687 3937 823 4019 oppidum
840 3938 1086 4021 perueniendum.
1129 3933 1217 4020 lgitnr

98 4037 177 4119 qnod
193 4034 300 4099 Murus
324 4036 427 4099 ‘buin'
449 4037 486 4099 sd
501 4056 658 4101 ascensum
675 4039 783 4102 referri
799 4039 854 4116 ait,
871 4040 958 4103 collis
981 4040 1030 4113 (is
1052 4050 1155 4103 nutem
1177 4036 1216 4103 bit

98 4139 206 4203 dicitnr
221 4144 486 4223 ascensus)ueque
502 4139 641 4204 breuiore
657 4142 765 4204 itinere
777 4141 968 4206 minuebatur
978 4162 1075 4225 neque
1086 4142 1216 4224 longiore

98 4242 275 4326 ungebatur,
294 4242 450 4320 sedidem,
468 4252 557 4324 utque
574 4254 652 4320 erut,
670 4245 820 4308 manebat.
861 4248 962 4332 Atque
978 4255 1010 4309 ut
1025 4246 1148 4308 omniuo
1164 4244 1216 4308 eir

97 4344 195 4409 cuitus
211 4345 280 4409 colli
295 4346 440 4409 recedere
456 4345 513 4408 dici
531 4345 636 4427 possit,
656 4347 795 4411 liieeerte
810 4348 839 4411 id
856 4348 919 4411 beri
937 4370 996 4412 non
1009 4357 1136 4431 poterut,
1156 4368 1216 4411 eun

96 4450 323 4534 proficiscentes
339 4448 494 4511 circuitum
510 4446 621 4530 inipso
638 4448 712 4511 colle
730 4451 874 4514 lacerent.
907 4448 969 4514 seu
985 4472 1023 4515 ne
1038 4461 1142 4514 rectae
1158 4450 1216 4534 qui·

98 4554 164 4616 dem
182 4550 299 4637 regioni
315 4549 425 4632 aliquid
440 4550 583 4614 circuitus
599 4553 743 4616 ueuedore
759 4563 868 4636 potest,
887 4574 953 4615 cum
971 4554 1067 4636 regio,
1086 4572 1163 4635 quoe
1178 4572 1213 4617 ss

97 4654 177 4722 lines
192 4664 293 4720 mente
307 4652 388 4718 iuter
402 4654 477 4718 dnus
490 4674 542 4718 res
556 4654 662 4733 «luctu,
679 4654 762 4721 nulla
777 4656 872 4740 possit
885 4656 1013 4721 circuitu
1029 4656 1118 4721 ducta
1133 4654 1216 4721 intel·
