2646 5124
495 604 816 671 -211—

85 782 130 849 bt
140 778 332 867 Lilybaeum
356 778 397 843 ad
419 776 567 860 reliquum
582 778 749 845 axamitum
764 786 1025 866 transportandum
1041 790 1216 876 proficiaoi',

88 904 223 951 merus
239 881 369 946 nauium
387 880 477 944 nimis
493 880 622 965 exiguus
637 892 695 944 est.
729 879 872 967 Singulas
892 888 969 949 enim
986 912 1080 955 naues
1094 894 1219 961 circim-

88 988 226 1055 Mutus
242 985 363 1049 milites
380 980 541 1047 sustulisse
562 1004 604 1047 ex
619 978 711 1048 Caes.
730 986 760 1049 b.
779 982 860 1049 Gall.
879 984 935 1065 lV‚
960 987 1001 1055 37
1016 994 1080 1072 in.‚
1105 996 1135 1059 b.
1153 1000 1214 1063 eju,

88 1088 137 1171 ΙΙΙ,
151 1088 207 1169 28,
225 1088 248 1151 3
265 1098 408 1171 apparet.
436 1080 476 1151 C.
490 1084 532 1149 53
546 1096 645 1149 autem
661 1087 692 1151 b.
710 1086 731 1149 Ι.
750 1088 828 1151 dune
842 1089 980 1172 legiones
988 1092 1130 1160 Caesaris
1143 1120 1216 1165 one·

89 1194 169 1261 neit:
184 1191 321 1257 nauibus
338 1186 473 1253 aSieilia
489 1188 640 1273 proiectae
655 1208 725 1253 esse
741 1190 888 1253 dicuntur.
914 1190 999 1275 Quot
1014 1218 1108 1260 naues
1123 1198 1153 1261 in
1168 1197 1217 1263 Si·

92 1296 393 1371 uba-omnint,
411 1292 535 1357 debuine
550 1292 720 1375 nequimus,
738 1314 817 1369 enm,
834 1314 891 1375 quo
908 1299 1116 1362 numenoillae
1127 1301 1220 1385 legio-

93 1418 141 1465 ιιι
153 1398 278 1475 lueiint,
297 1416 365 1463 uon
382 1405 549 1459 teneamus.
566 1390 626 1459 Sed
641 1394 714 1459 mibi
732 1395 899 1460 uerisimile
911 1398 1031 1463 uidetur
1044 1422 1063 1463 a
1074 1402 1221 1487 scriptore

96 1500 198 1567 uallum
205 1502 330 1567 nulum
350 1518 508 1563 nnmerum
521 1498 729 1581 compositum
747 1508 778 1561 et
792 1510 893 1562 notam
909 1501 1025 1565 senarii
1040 1507 1157 1568 numeni
1172 1526 1218 1571 re·

97 1604 181 1689 potita
190 1612 330 1669 extrema
342 1600 463 1686 syllaba
476 1598 640 1684 superioris
656 1600 794 1664 noonbnli
809 1611 904 1665 ortam
921 1620 1003 1667 ease.

174 1704 281 1771 Eiund.
298 1726 328 1769 e.
349 1707 379 1784 ὅ.
397 1700 419 1765 3
435 1703 509 1765 bano
524 1702 709 1767 edebantur:
732 1702 803 1767 ‘llio
819 1725 940 1789 campus
956 1706 1083 1771 mirabili
1098 1709 1223 1794 planitie

100 1818 174 1895 patet
184 1808 266 1873 milia
279 1827 428 1892 passuum
445 1801 527 1869 llll:
544 1827 631 1888 quem
647 1805 749 1891 iugum
763 1808 870 1892 ingena
885 1828 904 1869 a
919 1808 994 1871 mari
1009 1821 1108 1874 ortum
1125 1834 1222 1896 neque

99 1910 133 1979 ila
147 1913 313 1997 praealtum
331 1910 419 1975 uelut
433 1909 543 1973 tbeatni
559 1908 649 1972 elboit
661 1908 815 1993 speeiem'.
843 1907 954 1994 lugens
970 1911 1070 1996 iugum
1079 1911 1220 1980 Clarlins

100 2014 356 2101 ialongitudinem
371 2012 430 2076 diei
447 2011 658 2089 existimabat3
676 2032 753 2093 quae
766 2010 922 2095 longitudo
934 2014 1054 2079 delinita
1065 2016 1217 2081 iamerat=

101 2136 184 2203 neque
198 2118 283 2183 enim
298 2118 402 2199 iugum
418 2114 538 2197 longius
554 2124 620 2177 emt
641 2134 729 2196 qnam
751 2114 900 2197 planities.
946 2112 1006 2181 Sed
1029 2118 1125 2200 qualis
1147 2120 1222 2183 bano

102 2220 192 2289 natio
220 2230 291 2283 eat:
323 2218 422 2303 iugum
444 2238 580 2299 eampum
611 2216 721 2281 theatri
743 2218 873 2301 speeiem
896 2218 1007 2281 efficit!
1049 2216 1223 2305 Soripsemt

103 2332 204 2391 suntor
218 2328 324 2405 ‘quem
337 2320 432 2405 iugum
448 2320 597 2403 eingens’.

183 2422 309 2491 Initium
324 2442 350 2486 u.
366 2420 646 2489 sustentationum
666 2415 798 2486 ‘Caesar
810 2422 848 2485 ad
863 2423 978 2506 iugum,
996 2423 1033 2487 do
1049 2445 1107 2507 qno
1123 2426 1224 2506 dooui,

107 2528 233 2595 sentit
246 2536 337 2610 atque
358 2526 390 2591 in
406 2544 644 2608 unumquemque
666 2524 771 2588 collem
796 2535 895 2588 turres
918 2525 1102 2609 castellaque
1125 2528 1226 2592 lacero

108 2631 216 2717 eoepit'.
248 2626 297 2695 tte
311 2629 488 2693 accusation
512 2627 562 2691 ‘iu
585 2648 824 2710 unumquemque
840 2628 964 2692 collem'
987 2639 1091 2712 postea
1114 2628 1227 2693 uidebi-

109 2756 185 2801 ιιιι
207 2734 267 2801 iam
282 2728 451 2797 Caesarem
473 2742 573 2793 tumes
595 2731 626 2794 in
649 2750 826 2813 unoquoque
847 2730 923 2793 oolle
943 2732 1053 2797 lenisse
1068 2754 1225 2818 negamus.

109 2836 216 2905 Tamen
229 2838 312 2903 enim
330 2836 423 2899 luisse
437 2834 470 2897 in
485 2832 609 2897 collibus
625 2844 764 2898 extremo
779 2854 846 2917 sup.
869 2854 936 2918 eap.
961 2836 1143 2900 declaratum
1158 2848 1225 2903 esto

110 2936 152 3007 ‘la
164 2942 218 3007 buu
232 2942 308 3025 ingo
323 2938 418 3001 eolles
433 2946 505 3000 sunt
519 2936 634 2999 exnelsi
655 2937 758 3019 pauni,
781 2937 813 2999 in
835 2936 942 3023 quibus
965 2940 1102 3024 singulae
1126 2952 1226 3006 turres

107 3045 297 3129 qonulaeque
312 3041 451 3123 singulae
466 3050 639 3121 peruetenes
655 3050 743 3103 erant
757 3039 944 3115 collocatae,
964 3043 1052 3127 idque
1068 3046 1228 3109 confirma·

107 3144 354 3215 hnialerionibna
369 3140 471 3206 uerbis
482 3150 648 3224 ‘postquam
666 3162 726 3206 non
740 3142 784 3204 itn
798 3141 887 3224 longe
901 3143 939 3205 ab
955 3145 1057 3209 ultimo
1071 3148 1150 3211 colle
1165 3158 1230 3211 tor·

106 3250 184 3339 tique
198 3248 267 3315 lnit'
284 3254 359 3310 cett.
391 3244 484 3327 Atqui
499 3244 531 3305 in
546 3240 636 3306 Leid.
654 3264 699 3326 pr.
718 3252 750 3306 et
764 3239 833 3305 Pet.
851 3264 913 3306 non
930 3249 1065 3325 ‘tua-nes,
1086 3249 1139 3311 aed
1156 3256 1233 3311 ‘tun-

105 3354 171 3419 tum'
186 3352 337 3434 seriptum
352 3358 410 3412 est.
441 3344 513 3411 Non
530 3346 664 3411 dubitaui
680 3346 785 3428 igitur,
804 3346 874 3427 quin
890 3348 1010 3430 copula,
1033 3368 1111 3432 quae
1126 3350 1234 3413 castel·

103 3456 138 3523 lia
150 3454 342 3537 adiungitur,
360 3449 541 3534 transposita
551 3449 674 3513 bannita
686 3447 846 3512 scribenda
857 3458 973 3515 essent:
987 3450 1030 3514 ‘in
1040 3470 1234 3535 unumquem-

105 3580 160 3645 μ
174 3556 288 3623 oollem
302 3566 474 3636 turremque
490 3552 612 3615 castella
636 3553 738 3615 lacere
762 3550 883 3635 eoepit'.
916 3552 1118 3618 Accusatiuus
1133 3566 1233 3620 autem

105 3657 321 3747 praepositioni
345 3655 412 3721 ‘in'
436 3655 613 3719 coniunctus
636 3653 876 3719 distributionem
899 3656 1056 3740 designat,
1088 3657 1233 3742 nobisque

106 3764 178 3831 bane
191 3766 237 3830 ita
252 3762 399 3827 uertenda
415 3769 536 3823 essent:
564 3758 665 3841 ‘bigni
681 3758 732 3820 liin
747 3759 837 3844 huget
852 3759 910 3821 und
927 3759 1024 3823 tburm
1045 3760 1095 3823 fiir
1108 3760 1232 3824 tbunm’.

106 3866 218 3947 Panna,
230 3878 265 3931 ut
272 3863 535 3948 frequentissimae
543 3862 684 3939 rationis,
694 3882 782 3925 exem
786 3862 834 3947 pla
843 3860 981 3945 ascripsi.
993 3857 1061 3926 Cio.
1070 3864 1107 3927 do
1116 3865 1233 3926 innent.

108 3966 135 4049 Ι,
150 3970 201 4051 12,
220 3966 267 4035 16
282 3968 435 4049 ‘exempla
450 3975 549 4029 antem
566 3965 710 4048 uniusque
724 3962 848 4049 generis
866 3974 927 4027 tum
942 3966 1127 4030 commodius
1142 3985 1237 4047 expo·

108 4074 193 4139 uitari
207 4072 361 4148 uidemur,
377 4090 443 4133 oum
460 4069 491 4132 in
507 4065 736 4148 unumquodque
752 4088 855 4130 eorum
867 4078 1113 4152 argumentorum
1121 4068 1239 4151 copiam

109 4176 267 4253 dabimun’,
285 4170 336 4251 ΙΙ,
354 4172 394 4250 3,
420 4170 457 4235 ll
476 4178 569 4233 ‘nunc
584 4179 685 4233 nenos
701 4169 896 4231 confirmandi
912 4180 942 4233 et
956 4168 1194 4253 reprehendendi
1208 4167 1241 4230 in

112 4280 229 4365 singula
244 4296 405 4343 musarum
421 4292 533 4358 genem
548 4271 632 4337 locos
647 4270 809 4336 tradendos
824 4269 1028 4349 arbitramur'3
1045 4272 1083 4335 ad
1095 4270 1163 4335 Att.
1179 4264 1241 4347 xl,

113 4380 171 4461 22,
193 4382 217 4447 2
240 4380 374 4445 ‘itinera
396 4376 475 4441 enim
498 4375 540 4439 ita
562 4376 653 4454 lacit,
675 4383 710 4438 ut
723 4372 832 4437 multos
847 4373 912 4438 dies
926 4373 957 4436 in
973 4374 1112 4458 oppidum
1127 4367 1242 4457 ponat'3

115 4479 216 4551 Plane.
231 4484 270 4550 ad
285 4478 357 4547 cio.
373 4477 461 4545 Fam.
477 4474 523 4555 Χ,
541 4477 595 4555 bi,
614 4477 630 4542 1
649 4479 762 4543 ‘lacere
776 4498 837 4541 non
852 4496 986 4562 possum,
1006 4476 1077 4558 quin
1093 4474 1125 4537 in
1141 4473 1244 4553 singu-

116 4586 158 4651 lan
172 4608 224 4653 reu
239 4586 410 4669 meritaque
425 4594 479 4647 tna
493 4582 548 4649 tibi
562 4580 677 4667 gratias
691 4578 803 4665 agam'.
821 4578 937 4645 Verum
952 4576 1010 4641 bon
1024 4574 1112 4639 modo
1127 4570 1248 4635 delendi

117 4700 324 4777 nonposnnnt,
341 4706 454 4773 quaen.
464 4682 521 4765 68,
536 4682 559 4751 2
572 4686 726 4769 leguntur,
744 4682 868 4747 ‘eastris
884 4700 927 4745 ex
934 4699 1039 4842 eapupp
1054 4672 1249 4740 ineollemao
