2646 5124
463 553 800 623 ,ηπ-

95 737 251 804 nonunt,
276 720 423 791 Cameris
443 726 541 792 uerba
563 729 706 809 aderunt,
731 741 763 795 et
784 729 966 799 Vincentius
986 733 1219 815 Bellouacensiu

93 852 166 915 spec.
189 830 262 895 bist.
284 825 347 906 v1‚
369 828 393 892 2
416 850 446 913 p.
467 828 530 893 ¹7³
545 832 591 894 ed.
607 830 702 896 Duae.
729 853 771 897 ex
793 835 930 899 omnibus
945 849 1169 912 commentariis
1186 863 1219 916 et

90 934 141 998 alia
154 944 187 997 et
201 932 377 997 sententias
392 933 535 1015 quasdam
557 936 665 1017 posuit.
704 933 788 998 flacc
803 936 853 1000 ille
868 948 900 1000 nt
915 939 1041 1006 aliorum
1058 960 1215 1017 anctorum

88 1058 140 1100 ιοιι
155 1056 197 1099 ex
212 1035 353 1120 ipsorum
368 1035 491 1117 scriptis
506 1035 629 1118 petiuit,
646 1037 699 1100 sed
715 1057 756 1098 ex
773 1040 925 1121 excerptis
940 1042 1116 1123 quibusdam
1131 1051 1162 1114 in
1180 1054 1217 1116 li-

85 1136 148 1202 bros
162 1157 182 1200 a
198 1136 388 1221 scriptorum
406 1135 614 1200 distributione
630 1137 769 1201 diuersus
784 1139 960 1223 dispertitis.
991 1141 1215 1233 Excerptornm

85 1236 344 1303 Canariauornm
374 1239 596 1322 quinquelibri
626 1251 919 1317 commemorantur,
948 1265 1073 1330 quornm
1101 1255 1215 1336 primus

84 1342 318 1405 commentarios
334 1343 373 1405 dc
388 1341 419 1404 b.
437 1338 533 1419 Gall,
549 1342 698 1406 secundus
713 1343 772 1405 duo
787 1343 902 1427 priores
918 1347 955 1408 de
967 1346 996 1409 b.
1015 1349 1089 1428 cin,
1107 1357 1216 1421 tertios

84 1446 197 1508 Ισιίιιιι
214 1445 256 1508 de
270 1443 304 1506 b.
323 1444 408 1521 oin,
425 1453 549 1525 quartos
564 1442 673 1506 bellum
690 1444 950 1522 Alexandrinum,
966 1449 1087 1530 quintus
1102 1454 1216 1537 reliqua

85 1545 196 1611 uidetm
230 1545 514 1629 comprehendisse.
559 1542 595 1608 In
627 1545 730 1610 eodem
767 1567 871 1610 errore
896 1544 1092 1614 Pctrurcbam
1123 1556 1217 1622 luisse

84 1645 293 1713 Schneiderus
305 1658 351 1722 et,
367 1669 433 1712 cum
450 1647 605 1712 historiam
619 1641 763 1712 Caesaris
779 1649 807 1712 ei
823 1648 1003 1728 uindicaret,
1021 1661 1053 1715 et
1067 1653 1099 1717 in
1114 1655 1216 1723 libello

84 1751 117 1814 de
127 1751 306 1836 indagando
321 1750 393 1814 belli
406 1748 615 1834 Hispaniensis
631 1749 778 1833 scriptore
793 1773 821 1835 p.
836 1748 858 1814 6
873 1752 1099 1820 demonstrauit.
1130 1756 1217 1825 Haeo

84 1853 175 1938 opinio
190 1853 276 1916 unde
292 1852 444 1936 originem
460 1854 561 1929 ducat,
578 1853 697 1916 codices
713 1852 810 1916 nostri
826 1853 945 1916 docent.

158 1953 246 2019 Nam
262 1974 380 2037 corpus
394 1953 675 2017 commentariorum
698 1954 847 2018 derebus
868 1956 964 2039 gestis
985 1953 1110 2023 C.1ulii
1133 1956 1214 2028 Cae·

86 2057 156 2121 saris
170 2056 210 2119 ad
227 2076 288 2120 nos
303 2064 501 2139 propagatum
517 2065 565 2119 est
585 2055 701 2119 dnobus
723 2056 857 2119 codicum
880 2059 1062 2141 generibus,
1085 2084 1212 2146 qnorum

86 2161 206 2224 situum
229 2158 374 2240 idemque
395 2157 598 2240 praestantius
613 2168 682 2221 octo
698 2167 812 2221 tantum
829 2164 1060 2227 commentarios
1081 2165 1214 2230 debello

89 2257 222 2338 Gallico,
243 2259 376 2324 alterum
392 2279 497 2321 omnes
512 2259 657 2323 seruauit.
688 2256 762 2323 Illos
776 2260 913 2345 integros
930 2265 977 2327 uel
993 2266 1141 2348 optimos,
1157 2269 1213 2333 bos

89 2362 282 2444 interpolatos
296 2360 523 2445 appellabimus.
564 2359 615 2424 Ex
631 2361 732 2445 priore
746 2381 860 2446 genere
876 2363 976 2426 collati
991 2376 1062 2428 sunt
1075 2365 1215 2451 Bongar-

87 2464 186 2529 sinsus
201 2464 330 2547 primus,
347 2459 505 2527 Parisinus
518 2462 641 2546 primns,
656 2460 828 2527 Vossianus
840 2464 966 2547 primns,
983 2464 1212 2552 Egmondanns‚

86 2564 340 2632 l'ratislanieusis
354 2567 486 2650 primns,
512 2585 552 2628 ex
567 2566 664 2629 alteru
680 2563 837 2629 Parisinus
852 2568 1023 2643 secundus,
1043 2566 1215 2654 Scaligcra-

87 2691 150 2747 nas,
168 2666 372 2742 Cuiacianns,
388 2664 550 2732 Leidensis
564 2668 690 2751 primns,
707 2666 894 2733 Hanuiensis
910 2671 1040 2755 primus,
1058 2670 1214 2737 Vindobo-

87 2773 185 2837 nensis
201 2771 332 2856 primus.
362 2767 444 2833 Nam
466 2769 573 2851 reliqui
595 2790 698 2833 omnes
715 2792 824 2856 magno
839 2791 964 2836 numero
980 2795 1035 2837 cnr
1050 2775 1214 2841 testimonii

86 2875 168 2938 fidem
183 2896 248 2938 non
265 2874 411 2949 atterant,
438 2880 541 2955 postea
557 2871 663 2934 dicam.
697 2869 733 2936 ln
749 2874 887 2939 omnibus
902 2896 975 2940 nero
990 2877 1142 2941 codicibus
1157 2898 1213 2942 ex·

87 2987 178 3041 ma
196 2996 269 3061 pars
284 2974 353 3037 libri
367 2969 445 3039 vltt
461 2973 497 3037 de
512 2973 590 3038 bello
605 2972 723 3038 Gallico
737 2976 847 3059 periit,
871 2979 902 3040 in
916 2977 1045 3062 integris
1060 2980 1164 3065 plura,
1181 2981 1213 3043 in

86 3077 279 3162 interpolatis
294 3097 336 3140 ex
350 3076 435 3140 libris
449 3077 486 3139 de
501 3074 579 3139 bello
594 3072 712 3140 Gallico
727 3077 800 3142 nibil
817 3091 992 3162 praeterea,
1015 3081 1047 3143 in
1069 3081 1155 3146 libris
1178 3082 1215 3147 de

85 3179 163 3245 bello
180 3179 269 3242 ciuili
284 3178 360 3243 band
376 3199 482 3261 pauca.
520 3175 661 3262 integrae
684 3189 784 3242 antem
807 3181 938 3246 familiae
953 3182 1074 3246 codices
1089 3184 1216 3247 duorum

86 3280 243 3346 tminu·
258 3280 378 3344 nomina
392 3278 478 3343 nubis
493 3279 703 3363 prodiderunt,
721 3298 740 3341 a
755 3280 862 3364 quibus
878 3282 909 3344 bi
925 3284 1131 3345 commentarii
1146 3292 1218 3346 sunt

87 3384 243 3449 mcensiti.
275 3380 356 3446 Nam
377 3382 415 3444 ad
435 3382 546 3445 calcem
567 3380 638 3446 libri
661 3381 785 3444 secundi
807 3382 838 3446 iu
862 3382 900 3445 iis
916 3382 1070 3446 codicibus
1085 3383 1217 3448 lraecle-

87 3497 217 3570 guntur:
252 3482 359 3549 ‘lulius
375 3479 485 3548 Celsos
500 3479 723 3548 Constantinus
739 3481 781 3548 V.
807 3480 845 3549 C.
872 3484 945 3568 legi.
976 3481 1100 3549 Flauius
1125 3483 1217 3552 Lice·

86 3589 151 3654 rius
166 3586 323 3651 Firminus
339 3583 505 3670 Lupicinus
520 3586 608 3670 legi’.
640 3583 754 3649 Eadem
775 3586 818 3650 ibi
832 3587 864 3652 in
880 3582 1078 3670 Scaligcrano
1092 3588 1217 3651 inuenta

87 3690 230 3754 dicuntur
252 3700 284 3754 et
305 3689 338 3752 in
353 3688 475 3751 Andino
496 3699 586 3776 atque
610 3683 800 3767 oxoniensi,
825 3688 984 3775 dequibus
1004 3688 1214 3753 inlradicams

87 3813 127 3856 es
141 3792 273 3876 reliquis
288 3790 477 3876 interpolatis
491 3791 522 3854 in
536 3789 620 3853 nullo
635 3800 755 3874 reperta
770 3801 851 3853 sunt.
881 3786 984 3872 Quare
1000 3790 1113 3869 dubito,
1131 3810 1170 3852 an
1186 3788 1217 3887 ip

88 3894 143 3959 bos
158 3895 286 3960 codices
300 3914 361 3956 nun
377 3913 416 3956 ex
433 3891 618 3975 exemplari,
642 3892 721 3955 unde
744 3891 885 3975 descripti
901 3902 991 3968 sunt,
1015 3892 1073 3954 sed
1084 3910 1124 3954 ex
1141 3890 1219 3953 intc-

87 4018 143 4083 gro
157 3997 262 4080 aliquo
278 3994 426 4058 translata
441 3992 521 4072 siut,
545 3993 573 4054 id
590 3992 666 4074 qnod
681 3994 718 4056 de
733 3992 933 4056 deterioribus
948 3991 1122 4074 quibusdam
1139 3989 1221 4054 codi-

89 4100 188 4178 cibus,
206 4119 283 4182 ‹pros
299 4117 340 4162 ex
355 4106 482 4178 utroque
498 4112 611 4180 genere
626 4093 738 4157 mistos
754 4093 880 4170 docebo,
897 4104 1012 4155 certum
1028 4103 1093 4168 est,
1118 4091 1167 4171 qui
1184 4110 1221 4153 ea

90 4204 212 4267 nomina
232 4200 325 4265 etiam
349 4197 434 4262 libris
456 4198 494 4261 de
514 4196 594 4260 bello
614 4195 695 4259 ciuili
718 4205 749 4256 et
769 4195 819 4276 qni
840 4214 894 4256 eos
908 4202 1078 4276 sequuntur
1091 4191 1222 4272 ascripta

90 4304 211 4370 babent.
240 4300 286 4366 Et
300 4298 401 4364 Flauii
415 4296 532 4363 Licerii
548 4295 675 4362 Firmini
690 4292 828 4380 Lupicini
853 4314 962 4358 nomen
981 4293 1014 4356 iu
1036 4291 1156 4375 optimis
1172 4310 1224 4353 co·

91 4406 206 4470 ditibus
231 4403 284 4468 illo
300 4422 362 4466 nno
376 4401 444 4464 luco
458 4399 590 4484 legitur,
612 4395 682 4463 Iulii
703 4393 788 4461 Celsi
808 4392 1004 4460 Constantini
1025 4393 1057 4457 in
1081 4388 1224 4454 Parisino

92 4508 187 4592 primo
203 4505 346 4571 omnibns
360 4503 445 4568 libris
464 4501 666 4585 subscriptum
681 4511 748 4578 est,
770 4499 841 4563 itam
865 4508 936 4581 pntn
959 4496 991 4559 in
1013 4492 1136 4574 reliquis
1159 4492 1226 4552 cius

94 4609 224 4675 anime
239 4603 419 4686 codicillum
442 4623 620 4690 qnmqmm
635 4603 673 4668 de
687 4621 724 4666 ea
738 4621 774 4666 re
786 4607 928 4665 accurate
944 4616 1005 4658 non
1021 4602 1071 4657 est
1084 4589 1225 4654 relatum.
