2646 5124
528 572 674 643 CAPVT
696 572 847 643 ott-28.
1246 576 1311 645 679

124 760 223 813 torum
249 757 357 811 contra
379 746 566 831 elephantos,
590 767 665 831 quae
688 748 774 829 quasi
797 744 1038 811 aduersariorum
1060 748 1157 811 locum
1173 749 1250 814 obti-

122 860 211 917 neret
225 859 257 915 ct
271 859 377 914 eontm
392 869 494 914 eorum
503 849 631 913 frontem
647 849 804 913 aduersam
819 848 936 933 lapillos
951 847 1082 913 minutos
1094 844 1249 932 ¹mitteret;

123 953 231 1018 deinde
252 954 285 1017 in
306 953 440 1017 ordinem
464 950 639 1036 elephantos
662 951 833 1029 constituit,
864 960 933 1035 post
954 951 1021 1015 illos
1044 962 1141 1016 antem
1165 956 1287 1020 suam2

122 1057 219 1121 seiam
232 1055 400 1129 instruxit,
424 1066 475 1132 ut,
500 1075 568 1117 cum
583 1053 621 1117 ab
643 1054 829 1119 aduersariis
845 1053 957 1139 lapides
972 1054 1048 1117 mitti
1065 1053 1248 1139 coepissent,

84 1170 101 1221 s
123 1168 155 1223 et
169 1157 318 1241 elepbanti
335 1157 489 1242 perterriti
504 1176 539 1221 se
553 1156 589 1219 ad
605 1176 678 1221 suos
693 1156 929 1235 conuenissent,
943 1175 1050 1220 rursus
1064 1156 1101 1219 sb
1117 1176 1172 1222 sna
1184 1160 1250 1225 acie

123 1258 270 1343 lapidibus
290 1259 392 1324 missis
414 1279 469 1323 eos
491 1268 707 1323 conuerterent
728 1259 874 1323 aduersus
896 1259 1031 1339 bostcm3
1057 1261 1134 1342 quod
1156 1281 1249 1346 aegre

123 1362 269 1445 tardeque
291 1362 394 1427 tiebat.
439 1359 545 1424 Rudas
568 1362 648 1425 enim
671 1362 821 1447 elephanti
844 1360 1004 1425 multorum
1027 1381 1174 1427 annorum
1196 1364 1285 1430 do·3

121 1465 223 1528 ctrina
235 1484 352 1550 usuque
366 1474 487 1529 uetusto
502 1463 555 1526 uix
572 1463 669 1527 edocti
681 1474 781 1529 tamen
796 1464 944 1528 communi
956 1463 1091 1548 periculo
1105 1466 1138 1529 in
1154 1467 1249 1532 aciem

121 1566 339 1650 prolaetetur.
383 1564 462 1631 llum
478 1565 553 1629 baec
569 1567 606 1629 ad
622 1564 788 1651 Ruspinam
811 1565 848 1631 ab
863 1567 997 1651 utrisque
1011 1567 1136 1632 ducibus
1152 1568 1244 1634 admi·
1259 1570 1306 1641 28

67 1677 98 1731 lt
123 1667 312 1747 nistrantur,
345 1663 385 1733 C.
409 1665 562 1752 Vergilius
585 1667 773 1753 praetorius,
799 1669 849 1752 qui
870 1665 1003 1754 Thapsi,
1028 1670 1135 1754 oppido
1157 1673 1249 1737 mari·

122 1780 217 1849 tumo,
242 1780 392 1855 praeerat,
417 1790 483 1835 eum
498 1770 754 1836 animaduerteret
768 1792 863 1835 naues
878 1770 1012 1855 singulas
1028 1793 1095 1836 cum
1111 1775 1248 1839 exercitu

121 1867 269 1937 Caesaris
282 1872 416 1939 incertas
430 1875 566 1938 locorum
581 1884 669 1957 atque
684 1884 852 1938 castrorum
868 1893 990 1937 suorum
1013 1875 1136 1959 uagari,
1160 1898 1248 1942 occa·

120 1974 236 2040 donem
250 1985 358 2040 nsctns
373 1996 482 2041 nauem
498 1996 585 2060 mom
599 1975 640 2038 ibi
655 1975 758 2040 babuit
771 1977 933 2040 actuariam
956 1974 1085 2060 complet
1106 1978 1248 2044 militibus

119 2084 153 2141 et
171 2078 338 2163 sagittariis
360 2078 527 2151 ct,cisdem
549 2078 675 2162 scapbas
697 2078 734 2142 de
756 2077 882 2142 nauibus
904 2079 1040 2164 adiungit
1060 2101 1097 2145 ac
1111 2081 1247 2167 singulas

67 2188 97 2243 ts
119 2198 216 2245 mnes
237 2176 443 2245 Caesarianas
471 2181 642 2245 consectari
673 2181 782 2265 coepit.
828 2179 959 2244 Etcum
991 2181 1091 2267 plures
1121 2183 1284 2249 adortus2

120 2290 221 2359 esset,
253 2282 360 2366 pulsus
382 2285 561 2367 fugatusque
582 2283 653 2347 inde
675 2282 867 2347 discessisset
888 2302 943 2346 nec
967 2272 1065 2347 tumen
1087 2285 1247 2351 desisteret

120 2382 309 2468 periclitari,
336 2385 414 2451 lorte
435 2385 537 2450 incidit
558 2386 590 2449 in
615 2404 743 2463 nauem,
767 2384 872 2466 inqua
894 2395 982 2448 erant
1003 2386 1061 2449 duo
1077 2383 1166 2464 Titii,
1190 2386 1245 2452 lli·

119 2485 209 2570 spsni
231 2487 450 2567 adolescentes,
474 2487 587 2553 tribuni
603 2486 732 2572 legionis
746 2495 781 2564 v,
806 2506 932 2569 quornm
948 2497 1063 2571 patrem
1080 2483 1199 2552 Caesar
1212 2489 1244 2553 in

120 2598 259 2653 nuatum
282 2589 418 2676 legerat,
441 2601 562 2655 etcum
585 2590 632 2655 bis
654 2586 742 2653 Titus
766 2584 925 2664 Salienus,
956 2588 1093 2653 centurio
1118 2588 1246 2675 legionis

67 2696 98 2751 tt
119 2688 264 2779 eiusdem,
288 2693 339 2776 spui
353 2690 403 2757 nl.
418 2690 586 2759 Messalam
610 2695 741 2778 legatum
764 2690 925 2757 obsederat
938 2690 1101 2757 Messanae
1123 2692 1246 2757 seditio-

120 2792 240 2865 sissime
254 2793 393 2859 oratione
406 2797 483 2881 apud
500 2816 568 2861 eum
585 2816 676 2874 risus,
700 2797 837 2879 idemque
852 2795 1008 2880 pecuniam
1024 2806 1055 2860 et
1069 2807 1246 2862 ornamenta

122 2894 265 2980 triumpbi
275 2891 419 2963 Caesmis
434 2898 593 2964 retinenda
608 2909 639 2962 et
659 2899 852 2963 custodienda
868 2908 991 2963 curarat
1005 2909 1036 2963 et
1051 2899 1089 2963 ob
1104 2899 1158 2964 bas
1175 2920 1245 2964 cau·

121 3018 174 3063 sas
195 2998 253 3062 sibi
275 2999 408 3087 timebat.
454 2999 514 3065 llic
535 3013 657 3087 propter
678 3002 891 3067 conscientiam
915 3013 1104 3086 peecatorum
1120 3004 1280 3070 suorum3

119 3102 269 3186 persuasit
291 3103 545 3183 adulescentibus,
570 3126 607 3169 nc
631 3116 834 3190 repugnarent
852 3125 978 3188 seseque
993 3103 1131 3189 Vergilio
1147 3110 1246 3173 trade-

67 3212 97 3267 tt
117 3214 197 3267 mna
231 3201 338 3293 ltaque
353 3206 471 3270 deducti
486 3204 653 3292 aVergilio
669 3209 705 3271 ad
722 3204 894 3292 Scipionem
910 3205 1083 3270 custodibus
1099 3219 1170 3271 sunt
1185 3220 1246 3273 tra-

120 3304 175 3370 diti
195 3315 229 3370 et
249 3319 319 3390 post
341 3308 417 3372 diem
442 3310 561 3374 tertium
577 3310 740 3375 interlecti.
787 3306 847 3390 Qui
863 3329 929 3371 oum
945 3307 1125 3372 ducerentur
1139 3309 1176 3371 ad
1193 3313 1282 3376 nel

120 3428 202 3487 oeus,
226 3411 339 3494 petisse
354 3410 464 3477 dicitur
478 3413 575 3478 maior
588 3409 687 3477 Titius
702 3435 720 3478 a
735 3409 981 3489 centurionibus,
1005 3411 1048 3473 nti
1065 3430 1099 3475 se
1114 3411 1244 3494 priorem

229 3562 245 3615 3
259 3566 379 3619 ordines
393 3569 417 3620 b.
541 3569 656 3620 institnit
668 3569 692 3618 b.
810 3579 881 3616 suam
895 3565 976 3616 aciem
990 3580 1007 3615 a
1020 3570 1047 3615 et
1057 3568 1117 3614 sina
1129 3571 1246 3618 annoto·

121 3646 198 3695 ttone
208 3658 236 3709 u,
246 3646 328 3699 uelem
341 3662 414 3699 suam
423 3647 483 3698 add.
492 3654 556 3699 onte
569 3663 597 3699 rs.
704 3642 931 3710 beonnartlssent]
943 3645 1135 3711 recepissentb.

119 3719 192 3785 aba,
206 3736 222 3773 a
234 3721 295 3775 aad.
427 3725 585 3792 8perlcnlo]
599 3724 697 3792 proelio
711 3724 736 3773 b.
867 3721 898 3774 ld
911 3720 1042 3787 Vergilius
1056 3722 1130 3773 ‘mse
1144 3722 1243 3775 eledd.

118 3797 203 3864 pald),
217 3796 343 3865 Virgilius
357 3804 396 3862 (α)
409 3819 438 3854 as.
551 3805 688 3854 maritumo
702 3819 728 3853 a.
846 3801 874 3854 ll
890 3801 1113 3852 animaduerteret
1125 3803 1140 3853 b
1153 3819 1177 3867 c,
1191 3805 1246 3854 nni-

117 3890 187 3928 nnm
200 3879 354 3931 adnecteret
365 3897 398 3944 o,·
407 3883 637 3934 animaduertisset
650 3899 677 3932 n.
786 3881 815 3934 13
824 3882 936 3948 complet
945 3882 1071 3934 milltibns
1085 3883 1171 3934 cedd.
1182 3890 1246 3935 onte

117 3969 148 4018 u,
162 3954 290 4006 militibus
303 3959 415 4027 complet
427 3977 454 4010 as.
590 3961 621 4013 ll
635 3961 732 4011 eisdem
745 3975 762 4010 a
776 3960 791 4008 b
804 3976 827 4022 c,
843 3960 925 4010 eidem
938 3975 966 4010 as.
1100 3963 1205 4029 sespbis
1218 3981 1244 4014 a,

231 4031 263 4083 lb
275 4034 374 4102 plures]
388 4037 414 4087 id
428 4037 492 4089 add.
506 4054 533 4089 a.
706 4038 737 4089 lb
751 4043 823 4086 esset
835 4034 924 4098 eoas,
939 4050 992 4085 om.
1007 4036 1095 4087 Aldus
1109 4055 1135 4087 as.

119 4108 247 4161 discessit
258 4111 305 4162 sed
317 4126 364 4163 nae
377 4120 462 4165 tamen
476 4132 523 4178 oc,
539 4115 664 4166 discessit
677 4112 722 4166 sed
736 4128 794 4163 cnm
807 4127 855 4163 nec
868 4113 906 4162 sic
920 4119 1005 4162 tamen
1016 4114 1039 4165 b.
1147 4111 1245 4166 ll'litii

118 4184 229 4251 balatu,
244 4184 299 4238 Tin
311 4192 451 4257 srslipaas'.
576 4190 607 4242 lo
619 4190 695 4240 Tltus
707 4204 734 4251 a,
749 4188 780 4238 Τ.
793 4205 820 4238 ss.
940 4187 1071 4239 Salllenus
1083 4206 1100 4240 o
1112 4207 1135 4241 c.

116 4262 152 4318 ²⁰
164 4256 305 4317 llessalem
318 4283 335 4319 s
348 4268 363 4319 b
376 4285 398 4333 c,
413 4268 562 4321 Messallam
576 4284 603 4317 n.
727 4266 928 4317 seditiosissime
940 4267 1081 4331 Daumius,
1100 4277 1128 4320 ct
1139 4273 1246 4324 seditio-

118 4341 224 4394 sissime
237 4345 316 4397 codd.
422 4347 451 4398 21
469 4361 531 4396 usus
543 4343 586 4411 (o)
600 4346 615 4394 b
628 4344 654 4407 d,
670 4350 712 4394 cst
724 4357 787 4392 usus
800 4358 827 4392 as.
932 4343 967 4398 22
979 4353 1114 4398 curarata
1128 4349 1154 4413 b,
1171 4366 1246 4400 cura-

117 4427 196 4470 uerat
206 4435 233 4471 ss.
359 4423 407 4474 bas
419 4438 472 4473 om.
487 4438 513 4472 e.
637 4421 670 4471 23
684 4419 734 4470 sibi
748 4420 857 4471 timebat
868 4437 885 4471 o
897 4419 1061 4488 adoptares,
1074 4426 1183 4477 timebat
1195 4426 1245 4476 sibi

117 4501 224 4549 uterus
236 4499 299 4553 add.
405 4502 438 4555 25
447 4498 659 4550 adulescentibus
669 4514 696 4548 a.
802 4502 835 4556 2⁴
844 4505 872 4552 at
883 4502 917 4557 25
930 4498 1040 4569 Virgilio
1054 4505 1095 4570 (o)
1108 4521 1136 4555 a.

116 4576 152 4629 25
165 4576 315 4647 Scipionum
328 4594 356 4629 o.
480 4586 542 4631 sunt
553 4584 617 4630 anto
629 4576 721 4629 traditi
730 4584 839 4644 ponunt
850 4594 868 4632 a
881 4581 906 4646 b,
920 4588 987 4635 unte
999 4582 1133 4634 interlecti
1146 4580 1203 4647 (26)
1216 4598 1243 4633 u.

226 4657 261 4712 27
274 4656 361 4711 Titius
373 4659 413 4724 (o)
425 4660 442 4715 ‘2
455 4660 534 4723 deta,
547 4656 625 4710 'l'itns
637 4656 748 4725 reliqui.
