2646 5124
455 595 779 663 -127-

34 774 103 852 tbo,
121 771 180 857 qui
196 768 426 857 pauloinferins
436 769 625 833 scribendum
641 790 711 836 esse
726 769 803 833 uidit
817 770 939 859 ‘quinne
953 793 1096 858 procons.
1114 793 1187 845 sunt

38 878 77 943 ed
92 875 242 954 urbem’,
268 873 336 938 siue
359 873 591 956 ‘proconsules'
613 875 679 938 uiue
704 880 770 958 ‘pro
785 874 965 939 consulibus‘
988 878 1185 963 interpretari

42 981 214 1047 ιιΙιιιιιιιι.
263 974 497 1061 Oudendorpins
511 976 543 1040 in
558 976 622 1041 suis
642 977 730 1041 eodd.
754 977 845 1041 scribi
869 978 912 1041 ait
935 983 1113 1046 ‘consules'
1136 985 1185 1049 nel

48 1085 174 1151 ‘ornile
202 1082 280 1146 illud
301 1090 348 1145 eet
371 1080 403 1144 in
419 1077 521 1144 llann.
543 1100 609 1165 pr.,
633 1080 689 1145 boc
711 1081 743 1145 in
758 1078 831 1144 Par.
857 1101 921 1144 see.
959 1079 994 1144 ln
1011 1082 1066 1148 boe
1082 1098 1183 1150 autent

49 1198 79 1253 et
91 1184 185 1253 Leid.
204 1207 255 1270 pr.
274 1194 367 1266 atque
384 1178 469 1247 scat.
489 1183 580 1247 ‘eunt'
596 1204 656 1248 non
671 1183 793 1268 legitor,
814 1194 847 1245 ut
865 1183 989 1248 liberunt
1006 1186 1097 1250 luerit
1112 1209 1183 1251 con-

51 1290 217 1355 montinum
234 1306 371 1373 ponere:
390 1287 577 1369 nequeenim
593 1287 687 1350 omitti
704 1286 828 1349 uerbum
845 1287 876 1350 in
892 1287 947 1351 bno
963 1288 1108 1352 orationis
1124 1291 1184 1353 for·

55 1414 100 1457 ιιι
111 1402 246 1478 poterat.
281 1386 440 1453 Difficilius
456 1388 648 1466 diiudicatur,
666 1389 911 1471 quemadmodum
928 1391 1020 1454 uerba
1038 1392 1184 1455 ‘latorum

57 1495 185 1560 rmaem’
202 1492 391 1577 corrigenda
404 1490 477 1555 sint.
521 1488 602 1554 Nam
617 1491 696 1574 qnod
721 1491 871 1557 ‘latores’
895 1489 1128 1579 Oudendorpius
1143 1495 1186 1558 ita
1233 1518 1236 1523 ⁴

57 1592 194 1675 defendit,
211 1605 245 1661 ιιι
262 1614 319 1659 eos
334 1593 470 1678 intellegi
485 1594 576 1672 dieat,
593 1594 644 1678 pui
660 1594 697 1658 ad
713 1606 849 1659 senatum
864 1596 1015 1675 tulissent,
1034 1619 1094 1662 non
1111 1600 1188 1662 fere·

58 1700 137 1765 batur
150 1700 191 1765 ad
205 1708 368 1773 senatum,
392 1696 445 1761 sed
461 1698 659 1761 referebatur.
705 1695 748 1760 Et
763 1709 861 1762 tamen
877 1699 979 1783 inepte
994 1700 1118 1763 audacia
1135 1720 1186 1764 eo·

60 1824 138 1882 rum,
155 1802 205 1887 qui
219 1802 424 1877 retulissent,
447 1800 487 1864 ad
500 1800 574 1865 illud
588 1810 712 1865 senatus
728 1803 895 1867 consultum
910 1803 1088 1867 descensum
1103 1802 1186 1867 diee-

61 1917 153 1971 retur=
176 1924 279 1989 neque
301 1903 387 1967 enim
401 1902 603 1982 referebatur,
627 1913 660 1966 ut
683 1902 739 1967 boe
755 1905 804 1968 uel
818 1905 888 1969 illud
905 1906 1082 1971 decerneret
1096 1926 1185 1969 sena·

62 2019 110 2089 ιιι,
127 2009 182 2073 red
196 2009 237 2072 de
254 2007 314 2071 bae
329 2004 381 2069 nel
395 2004 446 2069 illa
460 2025 496 2069 ro
510 2004 579 2089 quid
594 2005 759 2086 uideretur,
776 2019 810 2071 ut
823 2008 969 2073 relatione
980 2010 1097 2092 quidem
1112 2030 1184 2073 oen·

62 2114 360 2177 encaemorum
376 2107 459 2172 nulla
474 2128 517 2173 ex
530 2118 616 2192 purte
631 2108 857 2193 impedirentur.
895 2110 964 2177 Huc
979 2133 1045 2176 oum
1061 2114 1185 2177 aecede-

61 2227 119 2291 ret,
142 2214 225 2298 quod
245 2214 323 2277 baec
336 2212 369 2276 in
384 2208 520 2297 generali
535 2211 686 2275 sententia
710 2213 787 2277 ‘nisi
804 2235 898 2298 paene
913 2214 944 2278 in
959 2214 1023 2298 ipso
1039 2214 1123 2278 urbis
1138 2215 1186 2277 in·

62 2317 166 2383 cendio
180 2335 344 2397 numquam
356 2324 426 2378 ante
442 2313 621 2378 descensum
636 2313 721 2379 esse'
744 2337 804 2379 non
827 2328 911 2381 recte
927 2318 996 2402 poni
1013 2316 1186 2380 uiderentur

64 2423 143 2499 (num
159 2416 240 2501 quod
261 2413 290 2481 Ι.
304 2412 357 2483 Fr.
375 2414 551 2481 Gronouins
573 2438 627 2502 per
646 2417 897 2483 exclamationem
914 2428 946 2482 et
960 2417 1187 2482 admirationem

63 2522 172 2587 adiecta
187 2519 333 2607 putabat,
349 2540 368 2583 a
384 2515 530 2585 Caesaris
544 2540 657 2605 genere
672 2521 802 2585 alienum
826 2522 908 2608 est),
932 2518 1079 2584 Danioius
1094 2518 1188 2583 uerba

65 2625 198 2691 ‘btorum
214 2622 351 2689 audaeia'
367 2623 492 2687 delenda
508 2621 706 2686 existimauit.
751 2621 867 2687 Dubito
888 2634 1008 2703 mmen,
1033 2644 1071 2686 an
1094 2622 1189 2686 corri-

65 2730 183 2813 gendum
198 2728 243 2792 sit
260 2733 437 2809 ‘paucorum
452 2725 599 2789 andacia’.
643 2722 738 2789 Pauci
764 2727 843 2790 enim
860 2726 999 2791 dicuntur
1013 2725 1188 2811 Pompeiani

10 2894 13 2919 ζ
66 2831 175 2918 propria
191 2830 339 2895 factionis
360 2828 504 2893 nobilium
528 2827 727 2913 appellatione
743 2827 805 2891 bui.
823 2828 875 2891 lib.
892 2829 954 2909 22,
977 2829 1009 2893 5.
1027 2829 1089 2908 85,
1114 2830 1136 2895 ll
1156 2838 1189 2896 et

10 2922 17 2981 ἱ
66 2954 104 3018 ap.
117 2932 205 2999 llirt.
222 2932 257 2997 b.
275 2930 359 2997 Gall.
378 2926 470 3009 vul,
487 2928 549 3009 511,
565 2930 599 2996 2.
617 2930 677 3008 52,
694 2929 726 2993 3.
758 2928 915 2997 Manutius
929 2934 1064 3000 latrones
1079 2956 1187 3020 propo·

65 3038 132 3103 trita
157 3036 217 3103 red
238 3036 287 3100 ita
307 3055 401 3120 paene
422 3034 549 3099 ridicule
570 3034 677 3097 sommi
692 3033 724 3096 in
740 3033 862 3101 ciuitate
876 3037 935 3100 uiri
950 3038 1185 3122 appellarentur.

10 3152 15 3231 ξ
66 3136 185 3206 baniaio
200 3148 306 3203 anoem
321 3138 362 3203 ita
378 3158 591 3216 occurremus,
616 3146 649 3199 ut
671 3137 860 3220 neglegentia
883 3140 1009 3222 quadarn
1030 3141 1104 3204 duas
1119 3160 1190 3203 seu·

10 3238 13 3311 ἷ
67 3242 168 3307 undar
182 3240 218 3305 in
234 3260 329 3303 unam
343 3239 580 3305 enuntiationem
603 3238 781 3302 coniunctas
795 3239 941 3319 dieamus,
957 3242 1084 3306 alteram
1100 3242 1192 3319 lrane,

68 3364 223 3429 nuquam
238 3343 272 3407 id
286 3352 409 3407 uenatus
425 3343 594 3407 eomultnm
610 3341 668 3404 nisi
692 3341 724 3403 in
746 3360 864 3405 summo
886 3341 1059 3407 discrimine
1083 3343 1194 3405 factum

69 3464 141 3527 tute,
158 3446 305 3521 alteram,
321 3464 478 3527 numqua-
492 3465 653 3531 paucorum
670 3442 806 3507 audacia.
831 3440 919 3525 Quod
934 3443 1007 3507 item
1023 3446 1133 3508 lactum
1148 3453 1196 3509 est

70 3546 94 3610 l.
108 3546 196 3613 Gall.
211 3544 274 3626 ΙΙΙ,
291 3544 345 3624 17,
361 3544 382 3609 7
399 3546 442 3609 ‘id
456 3568 493 3612 ea
508 3548 545 3611 de
560 3568 651 3611 causa
668 3546 816 3625 faciebat,
840 3546 918 3630 quod
934 3568 1001 3611 eum
1018 3557 1102 3611 tanta
1117 3546 1194 3611 mul·

72 3650 191 3716 titudine
206 3648 356 3727 bostium,
378 3648 555 3733 praesertim
571 3672 609 3714 eo
624 3648 767 3728 absente,
789 3650 839 3732 qui
855 3670 1001 3714 summam
1015 3649 1133 3734 imperii
1148 3659 1194 3713 te·

72 3764 166 3833 teret,
192 3752 254 3816 uisi
276 3772 372 3834 aequo
394 3751 464 3817 loeo
485 3762 536 3817 aut
558 3752 779 3837 opportunitate
793 3752 891 3839 aliqua
909 3753 975 3817 data
993 3753 1093 3836 legato
1108 3750 1195 3814 (linri-

72 3856 189 3921 raudum
212 3874 276 3920 nou
291 3854 515 3930 existimabat',
539 3856 590 3919 nbi
605 3852 788 3919 Ciaoconius
811 3875 915 3918 nocem
940 3856 1075 3939 ‘legato’
1101 3850 1196 3915 deleri

72 3958 195 4023 uolebat.

145 4056 188 4127 C.
205 4057 242 4137 6,
259 4057 460 4124 2secuudurn
476 4059 561 4123 codd.
574 4057 739 4143 Pompeius
754 4059 906 4122 affirmare
921 4060 1031 4123 dicitur
1046 4057 1197 4140 ‘legiones

73 4158 175 4229 babere
189 4181 264 4226 sese
279 4172 400 4244 paratos
417 4163 518 4227 decem
528 4162 549 4224 'r
576 4181 663 4246 quem
685 4181 842 4224 numerum
858 4171 1032 4244 corruptum
1048 4179 1116 4223 esse
1132 4176 1200 4220 oer-

74 4270 123 4329 Ιιιιι
138 4277 201 4330 est.
251 4260 290 4327 ln
305 4261 393 4328 ltalia
416 4265 496 4328 enim
512 4262 673 4350 Pompeius
697 4274 759 4327 tum
782 4262 856 4325 duan
881 4261 1016 4346 legiones
1038 4259 1201 4323 babebatn

76 4362 202 4431 &erare
217 4386 262 4431 ex
277 4376 403 4431 senatus
418 4366 557 4432 consulto
573 4366 700 4432 traditas
717 4372 761 4446 (o.
779 4363 813 4442 3,
830 4363 876 4445 3),
893 4364 925 4426 in
940 4361 1109 4448 Hispaniis,
1126 4377 1201 4443 quas

75 4469 254 4554 perlegatur
268 4467 445 4547 obtinebat,
461 4490 530 4535 eum
544 4470 674 4534 Afranio
689 4479 773 4545 tren,
797 4485 864 4529 cunr
878 4461 1002 4529 Petreio
1018 4464 1111 4539 duas,
1134 4480 1204 4523 eum

77 4566 208 4637 laurone
223 4571 302 4637 item
316 4571 480 4651 duas(bui.
497 4570 519 4635 l.
537 4568 591 4648 38,
610 4566 715 4649 1.-39,
734 4569 764 4632 l.
782 4565 825 4646 ΙΙ,
843 4566 897 4644 18,
916 4564 961 4649 1).
988 4562 1079 4645 Quod
1094 4562 1122 4625 si
1137 4556 1205 4645 quis

74 4666 233 4741 Plntarebo
248 4668 364 4739 Caton.
380 4670 425 4737 13
446 4683 480 4740 et
492 4669 600 4760 Pomp.
615 4668 661 4753 ,52
680 4681 771 4754 etque
784 4668 924 4755 Appiano
946 4667 977 4730 b.
1003 4666 1064 4730 oin.
1088 4658 1139 4738 ll,
1164 4654 1207 4723 18
