<?xml version="1.0" encoding="UTF-8"?>
<!DOCTYPE html PUBLIC "-//W3C//DTD XHTML 1.0 Transitional//EN"
    "http://www.w3.org/TR/xhtml1/DTD/xhtml1-transitional.dtd">
<html xmlns="http://www.w3.org/1999/xhtml" xml:lang="en" lang="en">
 <head>
  <title>
</title>
<meta http-equiv="Content-Type" content="text/html;charset=utf-8" />
  <meta name='ocr-system' content='tesseract 3.04.00' />
  <meta name='ocr-capabilities' content='ocr_page ocr_carea ocr_par ocr_line ocrx_word'/>
</head>
<body>
  <div class='ocr_page' id='page_1' title='image "./civliicaesarisc01hirtgoog_0082.png"; bbox 0 0 2646 5124; ppageno 0'>
   <div class='ocr_carea' id='block_1_1' title="bbox 553 606 854 673">
    <p class='ocr_par' dir='ltr' id='par_1_1' title="bbox 553 606 854 673">
     <span class='ocr_line' id='line_1_1' title="bbox 553 606 854 673; baseline -0.007 -14"><span class='ocrx_word' id='word_1_1' title='bbox 553 606 854 673; x_wconf 71' lang='lat' dir='ltr'>-..sa-</span> 
     </span>
    </p>
   </div>
   <div class='ocr_carea' id='block_1_2' title="bbox 142 777 1281 4761">
    <p class='ocr_par' dir='ltr' id='par_1_2' title="bbox 142 777 1281 4761">
     <span class='ocr_line' id='line_1_2' title="bbox 142 777 1265 865; baseline -0.005 -16"><span class='ocrx_word' id='word_1_2' title='bbox 142 808 181 851; x_wconf 88' lang='lat' dir='ltr'>ne</span> <span class='ocrx_word' id='word_1_3' title='bbox 206 785 280 850; x_wconf 87' lang='lat' dir='ltr'>nibil</span> <span class='ocrx_word' id='word_1_4' title='bbox 303 793 402 847; x_wconf 81' lang='lat' dir='ltr'>actum</span> <span class='ocrx_word' id='word_1_5' title='bbox 424 780 579 846; x_wconf 87' lang='lat' dir='ltr'>oeuserct’</span> <span class='ocrx_word' id='word_1_6' title='bbox 602 792 677 846; x_wconf 88' lang='lat' dir='ltr'>cett.</span> <span class='ocrx_word' id='word_1_7' title='bbox 707 780 752 843; x_wconf 75' lang='lat' dir='ltr'>alt</span> <span class='ocrx_word' id='word_1_8' title='bbox 765 798 812 853; x_wconf 83' lang='lat' dir='ltr'>ea,</span> <span class='ocrx_word' id='word_1_9' title='bbox 834 798 912 863; x_wconf 87' lang='lat' dir='ltr'>quae</span> <span class='ocrx_word' id='word_1_10' title='bbox 925 777 1012 843; x_wconf 90' lang='lat' dir='ltr'>initio</span> <span class='ocrx_word' id='word_1_11' title='bbox 1035 777 1128 843; x_wconf 87' lang='lat' dir='ltr'>buius</span> <span class='ocrx_word' id='word_1_12' title='bbox 1142 778 1265 865; x_wconf 82' lang='lat' dir='ltr'>disputa-</span> 
     </span>
     <span class='ocr_line' id='line_1_3' title="bbox 142 880 1266 970; baseline -0.008 -17"><span class='ocrx_word' id='word_1_13' title='bbox 142 888 233 953; x_wconf 89' lang='lat' dir='ltr'>tionis</span> <span class='ocrx_word' id='word_1_14' title='bbox 249 908 289 951; x_wconf 79' lang='lat' dir='ltr'>ea</span> <span class='ocrx_word' id='word_1_15' title='bbox 305 885 391 951; x_wconf 90' lang='lat' dir='ltr'>codd.</span> <span class='ocrx_word' id='word_1_16' title='bbox 410 885 509 970; x_wconf 89' lang='lat' dir='ltr'>posui,</span> <span class='ocrx_word' id='word_1_17' title='bbox 533 885 589 949; x_wconf 91' lang='lat' dir='ltr'>soli</span> <span class='ocrx_word' id='word_1_18' title='bbox 612 882 823 967; x_wconf 76' lang='lat' dir='ltr'>neglegentiae</span> <span class='ocrx_word' id='word_1_19' title='bbox 844 880 1003 967; x_wconf 85' lang='lat' dir='ltr'>scriptoris</span> <span class='ocrx_word' id='word_1_20' title='bbox 1022 880 1119 945; x_wconf 86' lang='lat' dir='ltr'>tribui</span> <span class='ocrx_word' id='word_1_21' title='bbox 1134 892 1266 967; x_wconf 78' lang='lat' dir='ltr'>possunt,</span> 
     </span>
     <span class='ocr_line' id='line_1_4' title="bbox 143 980 1268 1073; baseline -0.005 -18"><span class='ocrx_word' id='word_1_22' title='bbox 143 990 290 1073; x_wconf 78' lang='lat' dir='ltr'>similique</span> <span class='ocrx_word' id='word_1_23' title='bbox 304 989 337 1053; x_wconf 91' lang='lat' dir='ltr'>in</span> <span class='ocrx_word' id='word_1_24' title='bbox 353 1009 441 1053; x_wconf 87' lang='lat' dir='ltr'>conss</span> <span class='ocrx_word' id='word_1_25' title='bbox 459 989 533 1052; x_wconf 86' lang='lat' dir='ltr'>baec</span> <span class='ocrx_word' id='word_1_26' title='bbox 547 998 633 1051; x_wconf 82' lang='lat' dir='ltr'>sunt:</span> <span class='ocrx_word' id='word_1_27' title='bbox 658 985 750 1051; x_wconf 84' lang='lat' dir='ltr'>Caes.</span> <span class='ocrx_word' id='word_1_28' title='bbox 768 985 798 1047; x_wconf 94' lang='lat' dir='ltr'>b.</span> <span class='ocrx_word' id='word_1_29' title='bbox 816 982 896 1049; x_wconf 87' lang='lat' dir='ltr'>Gall.</span> <span class='ocrx_word' id='word_1_30' title='bbox 909 980 985 1061; x_wconf 88' lang='lat' dir='ltr'>Vll,</span> <span class='ocrx_word' id='word_1_31' title='bbox 1001 980 1057 1061; x_wconf 76' lang='lat'>86,</span> <span class='ocrx_word' id='word_1_32' title='bbox 1073 982 1098 1047; x_wconf 77' lang='lat'>2</span> <span class='ocrx_word' id='word_1_33' title='bbox 1121 983 1268 1068; x_wconf 70' lang='lat' dir='ltr'>‘imperet</span> 
     </span>
     <span class='ocr_line' id='line_1_5' title="bbox 142 1086 1268 1175; baseline -0.008 -17"><span class='ocrx_word' id='word_1_34' title='bbox 142 1092 170 1158; x_wconf 87' lang='lat' dir='ltr'>si</span> <span class='ocrx_word' id='word_1_35' title='bbox 192 1092 341 1157; x_wconf 88' lang='lat' dir='ltr'>sustinere</span> <span class='ocrx_word' id='word_1_36' title='bbox 365 1112 425 1155; x_wconf 92' lang='lat' dir='ltr'>non</span> <span class='ocrx_word' id='word_1_37' title='bbox 447 1090 559 1175; x_wconf 89' lang='lat' dir='ltr'>possit,</span> <span class='ocrx_word' id='word_1_38' title='bbox 584 1088 720 1153; x_wconf 90' lang='lat' dir='ltr'>deductis</span> <span class='ocrx_word' id='word_1_39' title='bbox 736 1086 910 1151; x_wconf 75' lang='lat' dir='ltr'>cohortibus</span> <span class='ocrx_word' id='word_1_40' title='bbox 925 1086 1084 1171; x_wconf 88' lang='lat' dir='ltr'>eruptione</span> <span class='ocrx_word' id='word_1_41' title='bbox 1107 1096 1268 1171; x_wconf 76' lang='lat' dir='ltr'>pugnareta</span> 
     </span>
     <span class='ocr_line' id='line_1_6' title="bbox 142 1184 1270 1272; baseline -0.004 -13"><span class='ocrx_word' id='word_1_42' title='bbox 142 1194 174 1259; x_wconf 89' lang='lat' dir='ltr'>id</span> <span class='ocrx_word' id='word_1_43' title='bbox 189 1194 248 1259; x_wconf 89' lang='lat' dir='ltr'>nisi</span> <span class='ocrx_word' id='word_1_44' title='bbox 263 1192 437 1259; x_wconf 85' lang='lat' dir='ltr'>necessario</span> <span class='ocrx_word' id='word_1_45' title='bbox 453 1214 491 1258; x_wconf 90' lang='lat' dir='ltr'>ne</span> <span class='ocrx_word' id='word_1_46' title='bbox 507 1189 620 1269; x_wconf 87' lang='lat' dir='ltr'>laciat&#39;,</span> <span class='ocrx_word' id='word_1_47' title='bbox 637 1187 727 1268; x_wconf 89' lang='lat' dir='ltr'>VIII,</span> <span class='ocrx_word' id='word_1_48' title='bbox 744 1188 837 1269; x_wconf 62' lang='lat' dir='ltr'>:tta</span> <span class='ocrx_word' id='word_1_49' title='bbox 860 1196 963 1272; x_wconf 84' lang='lat' dir='ltr'>‘quam</span> <span class='ocrx_word' id='word_1_50' title='bbox 976 1185 1013 1252; x_wconf 89' lang='lat' dir='ltr'>ob</span> <span class='ocrx_word' id='word_1_51' title='bbox 1031 1184 1270 1255; x_wconf 61' lang='lat' dir='ltr'>mammet·-</span> 
     </span>
     <span class='ocr_line' id='line_1_7' title="bbox 143 1292 1271 1381; baseline -0.006 -19"><span class='ocrx_word' id='word_1_52' title='bbox 143 1296 247 1362; x_wconf 88' lang='lat' dir='ltr'>ninius</span> <span class='ocrx_word' id='word_1_53' title='bbox 268 1306 331 1359; x_wconf 91' lang='lat' dir='ltr'>toto</span> <span class='ocrx_word' id='word_1_54' title='bbox 355 1296 461 1381; x_wconf 87' lang='lat' dir='ltr'>oppido</span> <span class='ocrx_word' id='word_1_55' title='bbox 484 1294 668 1359; x_wconf 77' lang='lat' dir='ltr'>munitiones</span> <span class='ocrx_word' id='word_1_56' title='bbox 690 1292 879 1357; x_wconf 90' lang='lat' dir='ltr'>circumdare</span> <span class='ocrx_word' id='word_1_57' title='bbox 899 1302 1049 1370; x_wconf 85' lang='lat' dir='ltr'>moratur,</span> <span class='ocrx_word' id='word_1_58' title='bbox 1074 1312 1118 1355; x_wconf 89' lang='lat' dir='ltr'>ne</span> <span class='ocrx_word' id='word_1_59' title='bbox 1131 1302 1271 1379; x_wconf 81' lang='lat' dir='ltr'>autopat</span> 
     </span>
     <span class='ocr_line' id='line_1_8' title="bbox 144 1394 1272 1482; baseline -0.004 -19"><span class='ocrx_word' id='word_1_60' title='bbox 144 1400 281 1465; x_wconf 79' lang='lat' dir='ltr'>effectum</span> <span class='ocrx_word' id='word_1_61' title='bbox 305 1398 383 1463; x_wconf 89' lang='lat' dir='ltr'>tueri</span> <span class='ocrx_word' id='word_1_62' title='bbox 416 1418 475 1460; x_wconf 91' lang='lat' dir='ltr'>nou</span> <span class='ocrx_word' id='word_1_63' title='bbox 490 1408 592 1482; x_wconf 88' lang='lat' dir='ltr'>posset</span> <span class='ocrx_word' id='word_1_64' title='bbox 612 1406 663 1460; x_wconf 89' lang='lat' dir='ltr'>ant</span> <span class='ocrx_word' id='word_1_65' title='bbox 684 1394 819 1480; x_wconf 85' lang='lat' dir='ltr'>pluribus</span> <span class='ocrx_word' id='word_1_66' title='bbox 847 1394 879 1459; x_wconf 95' lang='lat' dir='ltr'>in</span> <span class='ocrx_word' id='word_1_67' title='bbox 900 1394 977 1460; x_wconf 90' lang='lat' dir='ltr'>locis</span> <span class='ocrx_word' id='word_1_68' title='bbox 998 1394 1120 1457; x_wconf 75' lang='lat' dir='ltr'>infirma</span> <span class='ocrx_word' id='word_1_69' title='bbox 1139 1394 1272 1479; x_wconf 80' lang='lat' dir='ltr'>disponat</span> 
     </span>
     <span class='ocr_line' id='line_1_9' title="bbox 144 1495 1271 1587; baseline -0.003 -21"><span class='ocrx_word' id='word_1_70' title='bbox 144 1500 304 1587; x_wconf 84' lang='lat' dir='ltr'>praesidia&#39;</span> <span class='ocrx_word' id='word_1_71' title='bbox 327 1504 411 1587; x_wconf 85' lang='lat' dir='ltr'>(nam</span> <span class='ocrx_word' id='word_1_72' title='bbox 427 1495 571 1564; x_wconf 85' lang='lat' dir='ltr'>Caesaris</span> <span class='ocrx_word' id='word_1_73' title='bbox 586 1499 655 1562; x_wconf 90' lang='lat' dir='ltr'>loco</span> <span class='ocrx_word' id='word_1_74' title='bbox 678 1497 815 1582; x_wconf 84' lang='lat' dir='ltr'>‘pugnet&#39;</span> <span class='ocrx_word' id='word_1_75' title='bbox 830 1507 861 1561; x_wconf 91' lang='lat' dir='ltr'>et</span> <span class='ocrx_word' id='word_1_76' title='bbox 875 1495 969 1561; x_wconf 91' lang='lat' dir='ltr'>Ilirtii</span> <span class='ocrx_word' id='word_1_77' title='bbox 993 1496 1112 1580; x_wconf 81' lang='lat' dir='ltr'>‘possit&#39;</span> <span class='ocrx_word' id='word_1_78' title='bbox 1134 1496 1167 1562; x_wconf 89' lang='lat' dir='ltr'>in</span> <span class='ocrx_word' id='word_1_79' title='bbox 1181 1498 1271 1563; x_wconf 74' lang='lat' dir='ltr'>inor</span> 
     </span>
     <span class='ocr_line' id='line_1_10' title="bbox 144 1594 1272 1691; baseline -0.006 -21"><span class='ocrx_word' id='word_1_80' title='bbox 144 1606 253 1691; x_wconf 87' lang='lat' dir='ltr'>polatis</span> <span class='ocrx_word' id='word_1_81' title='bbox 276 1612 393 1667; x_wconf 86' lang='lat' dir='ltr'>tantum</span> <span class='ocrx_word' id='word_1_82' title='bbox 414 1603 500 1667; x_wconf 90' lang='lat' dir='ltr'>codd.</span> <span class='ocrx_word' id='word_1_83' title='bbox 525 1602 703 1687; x_wconf 81' lang='lat' dir='ltr'>leguntur)3</span> <span class='ocrx_word' id='word_1_84' title='bbox 728 1594 796 1665; x_wconf 78' lang='lat' dir='ltr'>(iic.</span> <span class='ocrx_word' id='word_1_85' title='bbox 820 1620 876 1684; x_wconf 94' lang='lat' dir='ltr'>pro</span> <span class='ocrx_word' id='word_1_86' title='bbox 898 1597 982 1663; x_wconf 82' lang='lat' dir='ltr'>Mur.</span> <span class='ocrx_word' id='word_1_87' title='bbox 1012 1598 1067 1679; x_wconf 84' lang='lat' dir='ltr'>tt,</span> <span class='ocrx_word' id='word_1_88' title='bbox 1082 1596 1130 1665; x_wconf 83' lang='lat' dir='ltr'>8ll</span> <span class='ocrx_word' id='word_1_89' title='bbox 1152 1606 1272 1683; x_wconf 82' lang='lat' dir='ltr'>‘quauta</span> 
     </span>
     <span class='ocr_line' id='line_1_11' title="bbox 143 1700 1271 1791; baseline -0.004 -19"><span class='ocrx_word' id='word_1_90' title='bbox 143 1718 244 1772; x_wconf 84' lang='lat' dir='ltr'>autem</span> <span class='ocrx_word' id='word_1_91' title='bbox 260 1704 446 1791; x_wconf 76' lang='lat' dir='ltr'>perturbatio</span> <span class='ocrx_word' id='word_1_92' title='bbox 462 1706 600 1769; x_wconf 78' lang='lat' dir='ltr'>fortunae</span> <span class='ocrx_word' id='word_1_93' title='bbox 615 1714 704 1786; x_wconf 87' lang='lat' dir='ltr'>atque</span> <span class='ocrx_word' id='word_1_94' title='bbox 719 1700 888 1779; x_wconf 85' lang='lat' dir='ltr'>sermonis,</span> <span class='ocrx_word' id='word_1_95' title='bbox 912 1702 1009 1785; x_wconf 91' lang='lat' dir='ltr'>quod,</span> <span class='ocrx_word' id='word_1_96' title='bbox 1030 1702 1139 1785; x_wconf 91' lang='lat' dir='ltr'>quibus</span> <span class='ocrx_word' id='word_1_97' title='bbox 1153 1702 1188 1767; x_wconf 91' lang='lat' dir='ltr'>in</span> <span class='ocrx_word' id='word_1_98' title='bbox 1202 1700 1271 1767; x_wconf 88' lang='lat' dir='ltr'>lucit</span> 
     </span>
     <span class='ocr_line' id='line_1_12' title="bbox 144 1800 1272 1895; baseline -0.004 -22"><span class='ocrx_word' id='word_1_99' title='bbox 144 1810 248 1895; x_wconf 86' lang='lat' dir='ltr'>paucis</span> <span class='ocrx_word' id='word_1_100' title='bbox 263 1818 334 1871; x_wconf 89' lang='lat' dir='ltr'>ante</span> <span class='ocrx_word' id='word_1_101' title='bbox 349 1807 453 1870; x_wconf 88' lang='lat' dir='ltr'>dicbus</span> <span class='ocrx_word' id='word_1_102' title='bbox 470 1809 579 1871; x_wconf 86' lang='lat' dir='ltr'>lactum</span> <span class='ocrx_word' id='word_1_103' title='bbox 595 1824 664 1869; x_wconf 89' lang='lat' dir='ltr'>esse</span> <span class='ocrx_word' id='word_1_104' title='bbox 678 1804 831 1869; x_wconf 88' lang='lat' dir='ltr'>consulem</span> <span class='ocrx_word' id='word_1_105' title='bbox 847 1800 1007 1869; x_wconf 82' lang='lat' dir='ltr'>Murenam</span> <span class='ocrx_word' id='word_1_106' title='bbox 1022 1804 1121 1868; x_wconf 89' lang='lat' dir='ltr'>nuntii</span> <span class='ocrx_word' id='word_1_107' title='bbox 1142 1804 1272 1869; x_wconf 82' lang='lat' dir='ltr'>litterae-</span> 
     </span>
     <span class='ocr_line' id='line_1_13' title="bbox 145 1904 1270 1994; baseline -0.003 -20"><span class='ocrx_word' id='word_1_108' title='bbox 145 1931 203 1994; x_wconf 89' lang='lat' dir='ltr'>que</span> <span class='ocrx_word' id='word_1_109' title='bbox 218 1910 420 1974; x_wconf 76' lang='lat' dir='ltr'>celebrassent</span> <span class='ocrx_word' id='word_1_110' title='bbox 441 1921 473 1972; x_wconf 90' lang='lat' dir='ltr'>et</span> <span class='ocrx_word' id='word_1_111' title='bbox 492 1908 571 1973; x_wconf 88' lang='lat' dir='ltr'>nude</span> <span class='ocrx_word' id='word_1_112' title='bbox 587 1908 719 1993; x_wconf 80' lang='lat' dir='ltr'>hospites</span> <span class='ocrx_word' id='word_1_113' title='bbox 741 1916 832 1989; x_wconf 89' lang='lat' dir='ltr'>atque</span> <span class='ocrx_word' id='word_1_114' title='bbox 846 1906 933 1970; x_wconf 87' lang='lat' dir='ltr'>amici</span> <span class='ocrx_word' id='word_1_115' title='bbox 949 1906 1134 1991; x_wconf 83' lang='lat' dir='ltr'>gratulatum</span> <span class='ocrx_word' id='word_1_116' title='bbox 1148 1904 1270 1971; x_wconf 77' lang='lat' dir='ltr'>lloman</span> 
     </span>
     <span class='ocr_line' id='line_1_14' title="bbox 145 2004 1269 2096; baseline 0 -21"><span class='ocrx_word' id='word_1_117' title='bbox 145 2013 365 2088; x_wconf 77' lang='lat' dir='ltr'>concurrerint,</span> <span class='ocrx_word' id='word_1_118' title='bbox 383 2032 419 2074; x_wconf 89' lang='lat' dir='ltr'>eo</span> <span class='ocrx_word' id='word_1_119' title='bbox 434 2010 559 2074; x_wconf 88' lang='lat' dir='ltr'>accedat</span> <span class='ocrx_word' id='word_1_120' title='bbox 572 2012 637 2096; x_wconf 89' lang='lat' dir='ltr'>ipsc</span> <span class='ocrx_word' id='word_1_121' title='bbox 652 2008 774 2073; x_wconf 85' lang='lat' dir='ltr'>nuntius</span> <span class='ocrx_word' id='word_1_122' title='bbox 789 2028 863 2071; x_wconf 91' lang='lat' dir='ltr'>suae</span> <span class='ocrx_word' id='word_1_123' title='bbox 877 2009 1078 2089; x_wconf 76' lang='lat' dir='ltr'>calamitatis’q</span> <span class='ocrx_word' id='word_1_124' title='bbox 1095 2006 1168 2075; x_wconf 86' lang='lat' dir='ltr'>Liu.</span> <span class='ocrx_word' id='word_1_125' title='bbox 1180 2004 1269 2087; x_wconf 80' lang='lat' dir='ltr'>XXI,</span> 
     </span>
     <span class='ocr_line' id='line_1_15' title="bbox 144 2111 1270 2197; baseline -0.001 -19"><span class='ocrx_word' id='word_1_126' title='bbox 144 2111 189 2179; x_wconf 80' lang='lat'>30</span> <span class='ocrx_word' id='word_1_127' title='bbox 203 2124 285 2177; x_wconf 81' lang='lat' dir='ltr'>extr.</span> <span class='ocrx_word' id='word_1_128' title='bbox 311 2112 447 2197; x_wconf 83' lang='lat' dir='ltr'>‘proinde</span> <span class='ocrx_word' id='word_1_129' title='bbox 470 2123 522 2177; x_wconf 86' lang='lat' dir='ltr'>aut</span> <span class='ocrx_word' id='word_1_130' title='bbox 543 2114 686 2178; x_wconf 87' lang='lat' dir='ltr'>cederent</span> <span class='ocrx_word' id='word_1_131' title='bbox 700 2112 800 2176; x_wconf 90' lang='lat' dir='ltr'>auimo</span> <span class='ocrx_word' id='word_1_132' title='bbox 815 2120 905 2195; x_wconf 85' lang='lat' dir='ltr'>atque</span> <span class='ocrx_word' id='word_1_133' title='bbox 920 2112 1031 2177; x_wconf 83' lang='lat' dir='ltr'>uirmre</span> <span class='ocrx_word' id='word_1_134' title='bbox 1046 2112 1131 2197; x_wconf 89' lang='lat' dir='ltr'>genti</span> <span class='ocrx_word' id='word_1_135' title='bbox 1154 2132 1211 2197; x_wconf 87' lang='lat' dir='ltr'>per</span> <span class='ocrx_word' id='word_1_136' title='bbox 1222 2130 1270 2177; x_wconf 85' lang='lat' dir='ltr'>cot</span> 
     </span>
     <span class='ocr_line' id='line_1_16' title="bbox 145 2212 1271 2301; baseline 0 -22"><span class='ocrx_word' id='word_1_137' title='bbox 145 2216 209 2280; x_wconf 89' lang='lat' dir='ltr'>dies</span> <span class='ocrx_word' id='word_1_138' title='bbox 227 2216 337 2280; x_wconf 87' lang='lat' dir='ltr'>totiens</span> <span class='ocrx_word' id='word_1_139' title='bbox 352 2215 389 2279; x_wconf 93' lang='lat' dir='ltr'>ab</span> <span class='ocrx_word' id='word_1_140' title='bbox 404 2236 438 2279; x_wconf 90' lang='lat' dir='ltr'>se</span> <span class='ocrx_word' id='word_1_141' title='bbox 454 2216 565 2292; x_wconf 86' lang='lat' dir='ltr'>uictae,</span> <span class='ocrx_word' id='word_1_142' title='bbox 582 2226 636 2279; x_wconf 90' lang='lat' dir='ltr'>aut</span> <span class='ocrx_word' id='word_1_143' title='bbox 650 2212 769 2279; x_wconf 84' lang='lat' dir='ltr'>itineris</span> <span class='ocrx_word' id='word_1_144' title='bbox 784 2214 873 2276; x_wconf 83' lang='lat' dir='ltr'>duem</span> <span class='ocrx_word' id='word_1_145' title='bbox 888 2226 1011 2299; x_wconf 86' lang='lat' dir='ltr'>sperent</span> <span class='ocrx_word' id='word_1_146' title='bbox 1029 2236 1166 2301; x_wconf 83' lang='lat' dir='ltr'>campum</span> <span class='ocrx_word' id='word_1_147' title='bbox 1183 2216 1271 2279; x_wconf 83' lang='lat' dir='ltr'>iuter·</span> 
     </span>
     <span class='ocr_line' id='line_1_17' title="bbox 142 2314 1271 2396; baseline -0.002 -13"><span class='ocrx_word' id='word_1_148' title='bbox 142 2318 290 2384; x_wconf 89' lang='lat' dir='ltr'>iacentem</span> <span class='ocrx_word' id='word_1_149' title='bbox 310 2316 413 2382; x_wconf 81' lang='lat' dir='ltr'>Tiberi</span> <span class='ocrx_word' id='word_1_150' title='bbox 437 2338 472 2383; x_wconf 85' lang='lat' dir='ltr'>ao</span> <span class='ocrx_word' id='word_1_151' title='bbox 494 2317 649 2381; x_wconf 85' lang='lat' dir='ltr'>moenibus</span> <span class='ocrx_word' id='word_1_152' title='bbox 674 2314 828 2380; x_wconf 87' lang='lat' dir='ltr'>llomanis&#39;</span> <span class='ocrx_word' id='word_1_153' title='bbox 852 2328 884 2380; x_wconf 92' lang='lat' dir='ltr'>et</span> <span class='ocrx_word' id='word_1_154' title='bbox 911 2314 1108 2396; x_wconf 78' lang='lat' dir='ltr'>xxxt11‚u</span> <span class='ocrx_word' id='word_1_155' title='bbox 1132 2324 1201 2383; x_wconf 85' lang='lat' dir='ltr'>‘eos</span> <span class='ocrx_word' id='word_1_156' title='bbox 1215 2318 1271 2381; x_wconf 81' lang='lat' dir='ltr'>lan·</span> 
     </span>
     <span class='ocr_line' id='line_1_18' title="bbox 145 2420 1272 2505; baseline -0.004 -16"><span class='ocrx_word' id='word_1_157' title='bbox 145 2423 239 2489; x_wconf 88' lang='lat' dir='ltr'>menti</span> <span class='ocrx_word' id='word_1_158' title='bbox 255 2421 311 2486; x_wconf 90' lang='lat' dir='ltr'>sibi</span> <span class='ocrx_word' id='word_1_159' title='bbox 328 2433 446 2485; x_wconf 79' lang='lat' dir='ltr'>ceratum</span> <span class='ocrx_word' id='word_1_160' title='bbox 463 2420 543 2484; x_wconf 88' lang='lat' dir='ltr'>milia</span> <span class='ocrx_word' id='word_1_161' title='bbox 559 2421 745 2505; x_wconf 75' lang='lat' dir='ltr'>imperasse:</span> <span class='ocrx_word' id='word_1_162' title='bbox 765 2422 854 2503; x_wconf 94' lang='lat' dir='ltr'>quod,</span> <span class='ocrx_word' id='word_1_163' title='bbox 872 2442 1050 2504; x_wconf 90' lang='lat' dir='ltr'>quamquam</span> <span class='ocrx_word' id='word_1_164' title='bbox 1066 2420 1201 2484; x_wconf 89' lang='lat' dir='ltr'>sterilem</span> <span class='ocrx_word' id='word_1_165' title='bbox 1217 2430 1272 2485; x_wconf 85' lang='lat' dir='ltr'>ter·</span> 
     </span>
     <span class='ocr_line' id='line_1_19' title="bbox 146 2523 1270 2608; baseline -0.002 -19"><span class='ocrx_word' id='word_1_166' title='bbox 146 2547 210 2589; x_wconf 90' lang='lat' dir='ltr'>ram</span> <span class='ocrx_word' id='word_1_167' title='bbox 233 2536 321 2589; x_wconf 86' lang='lat' dir='ltr'>arent</span> <span class='ocrx_word' id='word_1_168' title='bbox 342 2525 483 2607; x_wconf 89' lang='lat' dir='ltr'>ipsosque</span> <span class='ocrx_word' id='word_1_169' title='bbox 507 2523 593 2586; x_wconf 88' lang='lat' dir='ltr'>etiam</span> <span class='ocrx_word' id='word_1_170' title='bbox 618 2533 756 2608; x_wconf 83' lang='lat' dir='ltr'>agrestes</span> <span class='ocrx_word' id='word_1_171' title='bbox 784 2523 942 2607; x_wconf 87' lang='lat' dir='ltr'>peregrino</span> <span class='ocrx_word' id='word_1_172' title='bbox 966 2525 1114 2586; x_wconf 78' lang='lat' dir='ltr'>frumento</span> <span class='ocrx_word' id='word_1_173' title='bbox 1146 2524 1270 2598; x_wconf 81' lang='lat' dir='ltr'>alerent,</span> 
     </span>
     <span class='ocr_line' id='line_1_20' title="bbox 146 2622 1273 2711; baseline -0.002 -20"><span class='ocrx_word' id='word_1_174' title='bbox 146 2639 259 2705; x_wconf 67' lang='lat' dir='ltr'>nmen,</span> <span class='ocrx_word' id='word_1_175' title='bbox 284 2646 321 2690; x_wconf 92' lang='lat' dir='ltr'>nc</span> <span class='ocrx_word' id='word_1_176' title='bbox 338 2626 460 2689; x_wconf 86' lang='lat' dir='ltr'>dcssent</span> <span class='ocrx_word' id='word_1_177' title='bbox 476 2627 584 2702; x_wconf 85' lang='lat' dir='ltr'>otlioio,</span> <span class='ocrx_word' id='word_1_178' title='bbox 601 2626 791 2704; x_wconf 82' lang='lat' dir='ltr'>conlocisse&#39;3</span> <span class='ocrx_word' id='word_1_179' title='bbox 815 2623 940 2689; x_wconf 90' lang='lat' dir='ltr'>Vitruu.</span> <span class='ocrx_word' id='word_1_180' title='bbox 958 2622 1000 2702; x_wconf 95' lang='lat' dir='ltr'>ll,</span> <span class='ocrx_word' id='word_1_181' title='bbox 1019 2622 1089 2703; x_wconf 87' lang='grc'>1,6</span> <span class='ocrx_word' id='word_1_182' title='bbox 1107 2633 1189 2689; x_wconf 89' lang='lat' dir='ltr'>‘cnm</span> <span class='ocrx_word' id='word_1_183' title='bbox 1204 2644 1273 2711; x_wconf 83' lang='lat' dir='ltr'>ergo</span> 
     </span>
     <span class='ocr_line' id='line_1_21' title="bbox 147 2727 1273 2812; baseline -0.001 -20"><span class='ocrx_word' id='word_1_184' title='bbox 147 2730 220 2794; x_wconf 86' lang='lat' dir='ltr'>baec</span> <span class='ocrx_word' id='word_1_185' title='bbox 243 2730 285 2793; x_wconf 90' lang='lat' dir='ltr'>ita</span> <span class='ocrx_word' id='word_1_186' title='bbox 306 2728 417 2792; x_wconf 86' lang='lat' dir='ltr'>luerint</span> <span class='ocrx_word' id='word_1_187' title='bbox 432 2729 528 2812; x_wconf 90' lang='lat' dir='ltr'>primo</span> <span class='ocrx_word' id='word_1_188' title='bbox 544 2727 727 2805; x_wconf 87' lang='lat' dir='ltr'>constituta,</span> <span class='ocrx_word' id='word_1_189' title='bbox 750 2738 781 2792; x_wconf 86' lang='lat' dir='ltr'>et</span> <span class='ocrx_word' id='word_1_190' title='bbox 802 2738 910 2791; x_wconf 89' lang='lat' dir='ltr'>natura</span> <span class='ocrx_word' id='word_1_191' title='bbox 931 2748 991 2790; x_wconf 93' lang='lat' dir='ltr'>non</span> <span class='ocrx_word' id='word_1_192' title='bbox 1014 2729 1112 2792; x_wconf 89' lang='lat' dir='ltr'>solum</span> <span class='ocrx_word' id='word_1_193' title='bbox 1135 2727 1273 2793; x_wconf 80' lang='lat' dir='ltr'>sensibus</span> 
     </span>
     <span class='ocr_line' id='line_1_22' title="bbox 147 2829 1276 2913; baseline 0.002 -20"><span class='ocrx_word' id='word_1_194' title='bbox 147 2830 319 2893; x_wconf 87' lang='lat' dir='ltr'>ornauisset</span> <span class='ocrx_word' id='word_1_195' title='bbox 335 2840 454 2913; x_wconf 88' lang='lat' dir='ltr'>gentes,</span> <span class='ocrx_word' id='word_1_196' title='bbox 480 2829 533 2893; x_wconf 88' lang='lat' dir='ltr'>sed</span> <span class='ocrx_word' id='word_1_197' title='bbox 549 2829 639 2892; x_wconf 91' lang='lat' dir='ltr'>ctiam</span> <span class='ocrx_word' id='word_1_198' title='bbox 654 2829 886 2913; x_wconf 82' lang='lat' dir='ltr'>cogitationibus</span> <span class='ocrx_word' id='word_1_199' title='bbox 904 2841 933 2894; x_wconf 92' lang='lat' dir='ltr'>ct</span> <span class='ocrx_word' id='word_1_200' title='bbox 948 2830 1082 2894; x_wconf 87' lang='lat' dir='ltr'>consiliis</span> <span class='ocrx_word' id='word_1_201' title='bbox 1097 2832 1276 2896; x_wconf 86' lang='lat' dir='ltr'>armaoisset</span> 
     </span>
     <span class='ocr_line' id='line_1_23' title="bbox 150 2932 1275 3016; baseline 0 -21"><span class='ocrx_word' id='word_1_202' title='bbox 150 2941 266 2995; x_wconf 85' lang='lat' dir='ltr'>mentes</span> <span class='ocrx_word' id='word_1_203' title='bbox 282 2941 313 2994; x_wconf 92' lang='lat' dir='ltr'>et</span> <span class='ocrx_word' id='word_1_204' title='bbox 335 2932 512 2995; x_wconf 85' lang='lat' dir='ltr'>subiecisset</span> <span class='ocrx_word' id='word_1_205' title='bbox 535 2942 634 2996; x_wconf 84' lang='lat' dir='ltr'>cetera</span> <span class='ocrx_word' id='word_1_206' title='bbox 659 2933 799 2996; x_wconf 87' lang='lat' dir='ltr'>animalia</span> <span class='ocrx_word' id='word_1_207' title='bbox 823 2932 878 2995; x_wconf 91' lang='lat' dir='ltr'>sub</span> <span class='ocrx_word' id='word_1_208' title='bbox 901 2942 1068 3016; x_wconf 86' lang='lat' dir='ltr'>potestate,</span> <span class='ocrx_word' id='word_1_209' title='bbox 1093 2943 1158 2997; x_wconf 90' lang='lat' dir='ltr'>tum</span> <span class='ocrx_word' id='word_1_210' title='bbox 1172 2950 1275 2999; x_wconf 86' lang='lat' dir='ltr'>neroe</span> 
     </span>
     <span class='ocr_line' id='line_1_24' title="bbox 147 3032 1277 3119; baseline 0 -22"><span class='ocrx_word' id='word_1_211' title='bbox 147 3032 392 3097; x_wconf 83' lang='lat' dir='ltr'>fabricationibus</span> <span class='ocrx_word' id='word_1_212' title='bbox 409 3034 611 3098; x_wconf 82' lang='lat' dir='ltr'>aedificiorum</span> <span class='ocrx_word' id='word_1_213' title='bbox 627 3035 773 3118; x_wconf 84' lang='lat' dir='ltr'>gradatim</span> <span class='ocrx_word' id='word_1_214' title='bbox 791 3035 941 3119; x_wconf 73' lang='lat' dir='ltr'>progressi</span> <span class='ocrx_word' id='word_1_215' title='bbox 958 3032 995 3097; x_wconf 90' lang='lat' dir='ltr'>ad</span> <span class='ocrx_word' id='word_1_216' title='bbox 1010 3044 1129 3098; x_wconf 86' lang='lat' dir='ltr'>ceteras</span> <span class='ocrx_word' id='word_1_217' title='bbox 1150 3046 1235 3101; x_wconf 89' lang='lat' dir='ltr'>artes</span> <span class='ocrx_word' id='word_1_218' title='bbox 1247 3044 1277 3099; x_wconf 88' lang='lat' dir='ltr'>et</span> 
     </span>
     <span class='ocr_line' id='line_1_25' title="bbox 144 3135 1277 3223; baseline 0.003 -25"><span class='ocrx_word' id='word_1_219' title='bbox 144 3135 318 3220; x_wconf 88' lang='lat' dir='ltr'>disciplinas</span> <span class='ocrx_word' id='word_1_220' title='bbox 340 3156 357 3199; x_wconf 91' lang='lat' dir='ltr'>e</span> <span class='ocrx_word' id='word_1_221' title='bbox 379 3138 445 3202; x_wconf 85' lang='lat' dir='ltr'>fera</span> <span class='ocrx_word' id='word_1_222' title='bbox 464 3138 635 3223; x_wconf 88' lang='lat' dir='ltr'>agrestique</span> <span class='ocrx_word' id='word_1_223' title='bbox 658 3138 718 3201; x_wconf 89' lang='lat' dir='ltr'>uita</span> <span class='ocrx_word' id='word_1_224' title='bbox 734 3138 771 3200; x_wconf 88' lang='lat' dir='ltr'>ad</span> <span class='ocrx_word' id='word_1_225' title='bbox 786 3148 974 3202; x_wconf 87' lang='lat' dir='ltr'>mansuetam</span> <span class='ocrx_word' id='word_1_226' title='bbox 995 3138 1205 3222; x_wconf 79' lang='lat' dir='ltr'>perduxerunt</span> <span class='ocrx_word' id='word_1_227' title='bbox 1226 3138 1277 3201; x_wconf 90' lang='lat' dir='ltr'>bu-</span> 
     </span>
     <span class='ocr_line' id='line_1_26' title="bbox 146 3240 1276 3324; baseline 0 -21"><span class='ocrx_word' id='word_1_228' title='bbox 146 3240 330 3304; x_wconf 89' lang='lat' dir='ltr'>manltatem’</span> <span class='ocrx_word' id='word_1_229' title='bbox 352 3251 383 3304; x_wconf 89' lang='lat' dir='ltr'>et</span> <span class='ocrx_word' id='word_1_230' title='bbox 405 3263 433 3305; x_wconf 90' lang='lat' dir='ltr'>o.</span> <span class='ocrx_word' id='word_1_231' title='bbox 457 3242 490 3319; x_wconf 78' lang='lat'>2,</span> <span class='ocrx_word' id='word_1_232' title='bbox 507 3240 527 3305; x_wconf 79' lang='lat'>2</span> <span class='ocrx_word' id='word_1_233' title='bbox 546 3247 599 3304; x_wconf 83' lang='lat' dir='ltr'>‘ex</span> <span class='ocrx_word' id='word_1_234' title='bbox 623 3240 669 3305; x_wconf 88' lang='lat' dir='ltr'>his</span> <span class='ocrx_word' id='word_1_235' title='bbox 685 3261 758 3324; x_wconf 87' lang='lat' dir='ltr'>ergo</span> <span class='ocrx_word' id='word_1_236' title='bbox 774 3240 1008 3324; x_wconf 87' lang='lat' dir='ltr'>congruentibus</span> <span class='ocrx_word' id='word_1_237' title='bbox 1024 3262 1091 3304; x_wconf 91' lang='lat' dir='ltr'>cum</span> <span class='ocrx_word' id='word_1_238' title='bbox 1106 3262 1159 3303; x_wconf 89' lang='lat' dir='ltr'>res</span> <span class='ocrx_word' id='word_1_239' title='bbox 1175 3258 1276 3303; x_wconf 81' lang='lat' dir='ltr'>omnes</span> 
     </span>
     <span class='ocr_line' id='line_1_27' title="bbox 146 3342 1277 3428; baseline 0.002 -23"><span class='ocrx_word' id='word_1_240' title='bbox 146 3345 229 3408; x_wconf 91' lang='lat' dir='ltr'>coirc</span> <span class='ocrx_word' id='word_1_241' title='bbox 245 3344 388 3428; x_wconf 87' lang='lat' dir='ltr'>nascique</span> <span class='ocrx_word' id='word_1_242' title='bbox 404 3343 564 3408; x_wconf 86' lang='lat' dir='ltr'>uideantur</span> <span class='ocrx_word' id='word_1_243' title='bbox 579 3355 610 3407; x_wconf 86' lang='lat' dir='ltr'>et</span> <span class='ocrx_word' id='word_1_244' title='bbox 625 3364 679 3406; x_wconf 87' lang='lat' dir='ltr'>eae</span> <span class='ocrx_word' id='word_1_245' title='bbox 695 3342 726 3404; x_wconf 93' lang='lat' dir='ltr'>in</span> <span class='ocrx_word' id='word_1_246' title='bbox 742 3342 866 3405; x_wconf 84' lang='lat' dir='ltr'>infinitis</span> <span class='ocrx_word' id='word_1_247' title='bbox 882 3343 1041 3425; x_wconf 84' lang='lat' dir='ltr'>generibus</span> <span class='ocrx_word' id='word_1_248' title='bbox 1056 3363 1159 3407; x_wconf 90' lang='lat' dir='ltr'>rerum</span> <span class='ocrx_word' id='word_1_249' title='bbox 1172 3352 1277 3407; x_wconf 80' lang='lat' dir='ltr'>natura</span> 
     </span>
     <span class='ocr_line' id='line_1_28' title="bbox 146 3441 1278 3530; baseline 0.001 -23"><span class='ocrx_word' id='word_1_250' title='bbox 146 3458 251 3510; x_wconf 84' lang='lat' dir='ltr'>essent</span> <span class='ocrx_word' id='word_1_251' title='bbox 266 3448 446 3530; x_wconf 88' lang='lat' dir='ltr'>disparatae,</span> <span class='ocrx_word' id='word_1_252' title='bbox 465 3447 566 3529; x_wconf 89' lang='lat' dir='ltr'>putaui</span> <span class='ocrx_word' id='word_1_253' title='bbox 584 3456 725 3528; x_wconf 87' lang='lat' dir='ltr'>oportere</span> <span class='ocrx_word' id='word_1_254' title='bbox 741 3447 777 3509; x_wconf 88' lang='lat' dir='ltr'>de</span> <span class='ocrx_word' id='word_1_255' title='bbox 793 3446 990 3510; x_wconf 88' lang='lat' dir='ltr'>uarietatibus</span> <span class='ocrx_word' id='word_1_256' title='bbox 1007 3457 1037 3508; x_wconf 91' lang='lat' dir='ltr'>et</span> <span class='ocrx_word' id='word_1_257' title='bbox 1057 3441 1278 3510; x_wconf 88' lang='lat' dir='ltr'>discriminibus</span> 
     </span>
     <span class='ocr_line' id='line_1_29' title="bbox 146 3544 1279 3632; baseline 0.001 -24"><span class='ocrx_word' id='word_1_258' title='bbox 146 3565 219 3609; x_wconf 86' lang='lat' dir='ltr'>usus</span> <span class='ocrx_word' id='word_1_259' title='bbox 236 3568 340 3612; x_wconf 91' lang='lat' dir='ltr'>earum</span> <span class='ocrx_word' id='word_1_260' title='bbox 356 3545 533 3632; x_wconf 83' lang='lat' dir='ltr'>exponere’.</span> <span class='ocrx_word' id='word_1_261' title='bbox 572 3544 657 3610; x_wconf 85' lang='lat' dir='ltr'>llaec</span> <span class='ocrx_word' id='word_1_262' title='bbox 674 3569 734 3610; x_wconf 92' lang='lat' dir='ltr'>non</span> <span class='ocrx_word' id='word_1_263' title='bbox 750 3549 851 3611; x_wconf 91' lang='lat' dir='ltr'>omnia</span> <span class='ocrx_word' id='word_1_264' title='bbox 865 3549 1054 3612; x_wconf 91' lang='lat' dir='ltr'>librariorum</span> <span class='ocrx_word' id='word_1_265' title='bbox 1070 3547 1200 3611; x_wconf 88' lang='lat' dir='ltr'>ludibria</span> <span class='ocrx_word' id='word_1_266' title='bbox 1215 3546 1279 3611; x_wconf 82' lang='lat' dir='ltr'>exi·</span> 
     </span>
     <span class='ocr_line' id='line_1_30' title="bbox 149 3647 1279 3735; baseline 0.003 -25"><span class='ocrx_word' id='word_1_267' title='bbox 149 3647 299 3710; x_wconf 85' lang='lat' dir='ltr'>stimanda</span> <span class='ocrx_word' id='word_1_268' title='bbox 321 3668 389 3711; x_wconf 90' lang='lat' dir='ltr'>esse</span> <span class='ocrx_word' id='word_1_269' title='bbox 418 3650 624 3711; x_wconf 91' lang='lat' dir='ltr'>demonstrant</span> <span class='ocrx_word' id='word_1_270' title='bbox 653 3669 759 3714; x_wconf 88' lang='lat' dir='ltr'>uersus</span> <span class='ocrx_word' id='word_1_271' title='bbox 789 3650 918 3735; x_wconf 82' lang='lat' dir='ltr'>Vergilii</span> <span class='ocrx_word' id='word_1_272' title='bbox 940 3650 1022 3713; x_wconf 77' lang='lat' dir='ltr'>Aen.</span> <span class='ocrx_word' id='word_1_273' title='bbox 1047 3648 1073 3728; x_wconf 96' lang='lat' dir='ltr'>l,</span> <span class='ocrx_word' id='word_1_274' title='bbox 1097 3648 1162 3713; x_wconf 75' lang='lat'>297</span> <span class='ocrx_word' id='word_1_275' title='bbox 1193 3651 1279 3713; x_wconf 86' lang='lat' dir='ltr'>‘baec</span> 
     </span>
     <span class='ocr_line' id='line_1_31' title="bbox 147 3746 1280 3837; baseline 0.003 -25"><span class='ocrx_word' id='word_1_276' title='bbox 147 3748 189 3812; x_wconf 92' lang='lat' dir='ltr'>ait</span> <span class='ocrx_word' id='word_1_277' title='bbox 212 3759 243 3813; x_wconf 88' lang='lat' dir='ltr'>et</span> <span class='ocrx_word' id='word_1_278' title='bbox 265 3746 369 3813; x_wconf 85' lang='lat' dir='ltr'>Maiae</span> <span class='ocrx_word' id='word_1_279' title='bbox 389 3751 521 3834; x_wconf 89' lang='lat' dir='ltr'>genitum</span> <span class='ocrx_word' id='word_1_280' title='bbox 546 3750 677 3814; x_wconf 90' lang='lat' dir='ltr'>demittit</span> <span class='ocrx_word' id='word_1_281' title='bbox 692 3752 727 3814; x_wconf 94' lang='lat' dir='ltr'>ab</span> <span class='ocrx_word' id='word_1_282' title='bbox 744 3753 818 3831; x_wconf 86' lang='lat' dir='ltr'>alto,</span> <span class='ocrx_word' id='word_1_283' title='bbox 842 3764 875 3817; x_wconf 95' lang='lat' dir='ltr'>ut</span> <span class='ocrx_word' id='word_1_284' title='bbox 890 3764 990 3817; x_wconf 88' lang='lat' dir='ltr'>terrac</span> <span class='ocrx_word' id='word_1_285' title='bbox 1007 3764 1097 3835; x_wconf 90' lang='lat' dir='ltr'>utque</span> <span class='ocrx_word' id='word_1_286' title='bbox 1113 3772 1214 3817; x_wconf 90' lang='lat' dir='ltr'>nouae</span> <span class='ocrx_word' id='word_1_287' title='bbox 1230 3772 1280 3837; x_wconf 84' lang='lat' dir='ltr'>pa·</span> 
     </span>
     <span class='ocr_line' id='line_1_32' title="bbox 147 3848 1280 3937; baseline 0.004 -23"><span class='ocrx_word' id='word_1_288' title='bbox 147 3862 232 3915; x_wconf 89' lang='lat' dir='ltr'>teant</span> <span class='ocrx_word' id='word_1_289' title='bbox 248 3848 441 3935; x_wconf 72' lang='lat' dir='ltr'>Carthag&#39;nis</span> <span class='ocrx_word' id='word_1_290' title='bbox 455 3872 542 3916; x_wconf 88' lang='lat' dir='ltr'>arces</span> <span class='ocrx_word' id='word_1_291' title='bbox 558 3852 687 3937; x_wconf 87' lang='lat' dir='ltr'>hospitio</span> <span class='ocrx_word' id='word_1_292' title='bbox 704 3852 853 3919; x_wconf 86' lang='lat' dir='ltr'>Teucris:</span> <span class='ocrx_word' id='word_1_293' title='bbox 878 3878 916 3920; x_wconf 88' lang='lat' dir='ltr'>ne</span> <span class='ocrx_word' id='word_1_294' title='bbox 932 3856 984 3919; x_wconf 88' lang='lat' dir='ltr'>lati</span> <span class='ocrx_word' id='word_1_295' title='bbox 1001 3855 1102 3920; x_wconf 88' lang='lat' dir='ltr'>nescia</span> <span class='ocrx_word' id='word_1_296' title='bbox 1119 3852 1200 3919; x_wconf 88' lang='lat' dir='ltr'>Dido</span> <span class='ocrx_word' id='word_1_297' title='bbox 1215 3855 1280 3919; x_wconf 90' lang='lat' dir='ltr'>liui-</span> 
     </span>
     <span class='ocr_line' id='line_1_33' title="bbox 146 3951 1280 4040; baseline 0.004 -25"><span class='ocrx_word' id='word_1_298' title='bbox 146 3951 201 4015; x_wconf 89' lang='lat' dir='ltr'>bus</span> <span class='ocrx_word' id='word_1_299' title='bbox 217 3952 357 4018; x_wconf 89' lang='lat' dir='ltr'>arcerct&#39;.</span> <span class='ocrx_word' id='word_1_300' title='bbox 399 3952 617 4018; x_wconf 83' lang='lat' dir='ltr'>Verumtamen</span> <span class='ocrx_word' id='word_1_301' title='bbox 633 3976 709 4038; x_wconf 88' lang='lat' dir='ltr'>quae</span> <span class='ocrx_word' id='word_1_302' title='bbox 725 3978 765 4021; x_wconf 78' lang='lat' dir='ltr'>ex</span> <span class='ocrx_word' id='word_1_303' title='bbox 782 3957 863 4022; x_wconf 92' lang='lat' dir='ltr'>Ilirt.</span> <span class='ocrx_word' id='word_1_304' title='bbox 881 3958 970 4037; x_wconf 90' lang='lat' dir='ltr'>Vlll,</span> <span class='ocrx_word' id='word_1_305' title='bbox 987 3959 1041 4031; x_wconf 80' lang='lat'>34,</span> <span class='ocrx_word' id='word_1_306' title='bbox 1059 3957 1079 4021; x_wconf 77' lang='grc'>4</span> <span class='ocrx_word' id='word_1_307' title='bbox 1095 3958 1195 4040; x_wconf 89' lang='lat' dir='ltr'>posui,</span> <span class='ocrx_word' id='word_1_308' title='bbox 1221 3968 1280 4022; x_wconf 88' lang='lat' dir='ltr'>tam</span> 
     </span>
     <span class='ocr_line' id='line_1_34' title="bbox 146 4055 1281 4144; baseline 0.004 -25"><span class='ocrx_word' id='word_1_309' title='bbox 146 4055 263 4119; x_wconf 87' lang='lat' dir='ltr'>incerta</span> <span class='ocrx_word' id='word_1_310' title='bbox 278 4068 368 4135; x_wconf 93' lang='lat' dir='ltr'>sunt,</span> <span class='ocrx_word' id='word_1_311' title='bbox 386 4067 420 4120; x_wconf 92' lang='lat' dir='ltr'>ut</span> <span class='ocrx_word' id='word_1_312' title='bbox 434 4056 474 4121; x_wconf 88' lang='lat' dir='ltr'>ibi</span> <span class='ocrx_word' id='word_1_313' title='bbox 499 4056 615 4141; x_wconf 87' lang='lat' dir='ltr'>‘possit&#39;</span> <span class='ocrx_word' id='word_1_314' title='bbox 639 4080 751 4142; x_wconf 92' lang='lat' dir='ltr'>ponere</span> <span class='ocrx_word' id='word_1_315' title='bbox 767 4062 903 4144; x_wconf 86' lang='lat' dir='ltr'>equidem</span> <span class='ocrx_word' id='word_1_316' title='bbox 921 4085 982 4125; x_wconf 90' lang='lat' dir='ltr'>non</span> <span class='ocrx_word' id='word_1_317' title='bbox 998 4060 1178 4126; x_wconf 87' lang='lat' dir='ltr'>dubitarim:</span> <span class='ocrx_word' id='word_1_318' title='bbox 1199 4070 1281 4144; x_wconf 88' lang='lat' dir='ltr'>‘pos-</span> 
     </span>
     <span class='ocr_line' id='line_1_35' title="bbox 146 4158 1281 4250; baseline 0.004 -29"><span class='ocrx_word' id='word_1_319' title='bbox 146 4158 195 4221; x_wconf 86' lang='lat' dir='ltr'>sit&#39;</span> <span class='ocrx_word' id='word_1_320' title='bbox 212 4159 339 4222; x_wconf 86' lang='lat' dir='ltr'>enimet</span> <span class='ocrx_word' id='word_1_321' title='bbox 356 4161 479 4243; x_wconf 85' lang='lat' dir='ltr'>‘posset&#39;</span> <span class='ocrx_word' id='word_1_322' title='bbox 495 4162 570 4224; x_wconf 87' lang='lat' dir='ltr'>adeo</span> <span class='ocrx_word' id='word_1_323' title='bbox 587 4162 649 4223; x_wconf 87' lang='lat' dir='ltr'>lere</span> <span class='ocrx_word' id='word_1_324' title='bbox 664 4182 783 4247; x_wconf 88' lang='lat' dir='ltr'>semper</span> <span class='ocrx_word' id='word_1_325' title='bbox 806 4165 838 4227; x_wconf 92' lang='lat' dir='ltr'>in</span> <span class='ocrx_word' id='word_1_326' title='bbox 860 4166 979 4250; x_wconf 91' lang='lat' dir='ltr'>optimis</span> <span class='ocrx_word' id='word_1_327' title='bbox 1003 4164 1088 4227; x_wconf 90' lang='lat' dir='ltr'>codd.</span> <span class='ocrx_word' id='word_1_328' title='bbox 1107 4173 1281 4247; x_wconf 85' lang='lat' dir='ltr'>permutan-</span> 
     </span>
     <span class='ocr_line' id='line_1_36' title="bbox 147 4261 1279 4351; baseline 0.004 -30"><span class='ocrx_word' id='word_1_329' title='bbox 147 4268 215 4337; x_wconf 90' lang='lat' dir='ltr'>tur,</span> <span class='ocrx_word' id='word_1_330' title='bbox 244 4272 277 4324; x_wconf 95' lang='lat' dir='ltr'>ut</span> <span class='ocrx_word' id='word_1_331' title='bbox 306 4282 408 4325; x_wconf 88' lang='lat' dir='ltr'>eorum</span> <span class='ocrx_word' id='word_1_332' title='bbox 439 4262 518 4325; x_wconf 91' lang='lat' dir='ltr'>nulla</span> <span class='ocrx_word' id='word_1_333' title='bbox 546 4263 577 4327; x_wconf 92' lang='lat' dir='ltr'>in</span> <span class='ocrx_word' id='word_1_334' title='bbox 600 4265 654 4327; x_wconf 86' lang='lat' dir='ltr'>hac</span> <span class='ocrx_word' id='word_1_335' title='bbox 678 4284 712 4327; x_wconf 92' lang='lat' dir='ltr'>re</span> <span class='ocrx_word' id='word_1_336' title='bbox 735 4269 897 4331; x_wconf 89' lang='lat' dir='ltr'>auctoritas</span> <span class='ocrx_word' id='word_1_337' title='bbox 921 4268 980 4347; x_wconf 69' lang='lat' dir='ltr'>sitq</span> <span class='ocrx_word' id='word_1_338' title='bbox 1011 4268 1081 4331; x_wconf 92' lang='lat' dir='ltr'>item</span> <span class='ocrx_word' id='word_1_339' title='bbox 1104 4265 1181 4351; x_wconf 89' lang='lat' dir='ltr'>apud</span> <span class='ocrx_word' id='word_1_340' title='bbox 1203 4261 1279 4328; x_wconf 89' lang='lat' dir='ltr'>Liu.</span> 
     </span>
     <span class='ocr_line' id='line_1_37' title="bbox 146 4357 1281 4452; baseline 0.004 -28"><span class='ocrx_word' id='word_1_341' title='bbox 146 4357 306 4440; x_wconf 82' lang='lat' dir='ltr'>XXXIII,</span> <span class='ocrx_word' id='word_1_342' title='bbox 324 4361 345 4425; x_wconf 87' lang='lat' dir='ltr'>li</span> <span class='ocrx_word' id='word_1_343' title='bbox 369 4363 526 4427; x_wconf 88' lang='lat' dir='ltr'>‘ararent&#39;</span> <span class='ocrx_word' id='word_1_344' title='bbox 550 4378 579 4430; x_wconf 89' lang='lat' dir='ltr'>et</span> <span class='ocrx_word' id='word_1_345' title='bbox 595 4368 672 4450; x_wconf 92' lang='lat' dir='ltr'>apud</span> <span class='ocrx_word' id='word_1_346' title='bbox 688 4364 867 4433; x_wconf 77' lang='lat' dir='ltr'>Ciceronem</span> <span class='ocrx_word' id='word_1_347' title='bbox 885 4391 938 4452; x_wconf 93' lang='lat' dir='ltr'>pro</span> <span class='ocrx_word' id='word_1_348' title='bbox 953 4368 1037 4432; x_wconf 83' lang='lat' dir='ltr'>Mur.</span> <span class='ocrx_word' id='word_1_349' title='bbox 1055 4367 1110 4446; x_wconf 80' lang='lat' dir='ltr'>dl,</span> <span class='ocrx_word' id='word_1_350' title='bbox 1128 4366 1171 4431; x_wconf 75' lang='lat'>89</span> <span class='ocrx_word' id='word_1_351' title='bbox 1195 4373 1281 4429; x_wconf 82' lang='lat' dir='ltr'>‘con-</span> 
     </span>
     <span class='ocr_line' id='line_1_38' title="bbox 146 4465 1281 4554; baseline 0.006 -28"><span class='ocrx_word' id='word_1_352' title='bbox 146 4465 311 4527; x_wconf 80' lang='lat' dir='ltr'>currerent&#39;</span> <span class='ocrx_word' id='word_1_353' title='bbox 336 4478 459 4551; x_wconf 91' lang='lat' dir='ltr'>propter</span> <span class='ocrx_word' id='word_1_354' title='bbox 474 4469 587 4532; x_wconf 83' lang='lat' dir='ltr'>erroris</span> <span class='ocrx_word' id='word_1_355' title='bbox 603 4470 777 4533; x_wconf 84' lang='lat' dir='ltr'>facilitatem</span> <span class='ocrx_word' id='word_1_356' title='bbox 794 4472 991 4554; x_wconf 79' lang='lat' dir='ltr'>praeterendo</span> <span class='ocrx_word' id='word_1_357' title='bbox 1012 4472 1156 4535; x_wconf 88' lang='lat' dir='ltr'>arbitror.</span> <span class='ocrx_word' id='word_1_358' title='bbox 1195 4468 1281 4533; x_wconf 85' lang='lat' dir='ltr'>Reli-</span> 
     </span>
     <span class='ocr_line' id='line_1_39' title="bbox 147 4568 1281 4656; baseline 0.005 -27"><span class='ocrx_word' id='word_1_359' title='bbox 147 4588 205 4650; x_wconf 90' lang='lat' dir='ltr'>qua</span> <span class='ocrx_word' id='word_1_360' title='bbox 229 4569 375 4632; x_wconf 88' lang='lat' dir='ltr'>moucnda</span> <span class='ocrx_word' id='word_1_361' title='bbox 398 4589 456 4631; x_wconf 79' lang='lat' dir='ltr'>raon</span> <span class='ocrx_word' id='word_1_362' title='bbox 473 4581 555 4633; x_wconf 90' lang='lat' dir='ltr'>sunt.</span> <span class='ocrx_word' id='word_1_363' title='bbox 594 4568 654 4635; x_wconf 88' lang='lat' dir='ltr'>Sed</span> <span class='ocrx_word' id='word_1_364' title='bbox 670 4574 746 4654; x_wconf 90' lang='lat' dir='ltr'>apud</span> <span class='ocrx_word' id='word_1_365' title='bbox 762 4568 853 4635; x_wconf 87' lang='lat' dir='ltr'>Caes.</span> <span class='ocrx_word' id='word_1_366' title='bbox 872 4575 901 4635; x_wconf 94' lang='lat' dir='ltr'>b.</span> <span class='ocrx_word' id='word_1_367' title='bbox 921 4570 1001 4638; x_wconf 88' lang='lat' dir='ltr'>Gall.</span> <span class='ocrx_word' id='word_1_368' title='bbox 1019 4571 1092 4651; x_wconf 82' lang='lat' dir='ltr'>Vll,</span> <span class='ocrx_word' id='word_1_369' title='bbox 1110 4570 1164 4649; x_wconf 73' lang='grc'>86,</span> <span class='ocrx_word' id='word_1_370' title='bbox 1189 4570 1210 4633; x_wconf 77' lang='lat'><strong>2</strong></span> <span class='ocrx_word' id='word_1_371' title='bbox 1228 4592 1281 4656; x_wconf 92' lang='lat' dir='ltr'>po-</span> 
     </span>
     <span class='ocr_line' id='line_1_40' title="bbox 147 4671 1280 4761; baseline 0.005 -28"><span class='ocrx_word' id='word_1_372' title='bbox 147 4672 276 4736; x_wconf 89' lang='lat' dir='ltr'>nendum</span> <span class='ocrx_word' id='word_1_373' title='bbox 287 4682 336 4737; x_wconf 91' lang='lat' dir='ltr'>est</span> <span class='ocrx_word' id='word_1_374' title='bbox 357 4671 396 4737; x_wconf 90' lang='lat' dir='ltr'>‘si</span> <span class='ocrx_word' id='word_1_375' title='bbox 411 4671 561 4739; x_wconf 89' lang='lat' dir='ltr'>sustinere</span> <span class='ocrx_word' id='word_1_376' title='bbox 577 4696 637 4739; x_wconf 92' lang='lat' dir='ltr'>non</span> <span class='ocrx_word' id='word_1_377' title='bbox 652 4676 776 4761; x_wconf 87' lang='lat' dir='ltr'>posset&#39;.</span> <span class='ocrx_word' id='word_1_378' title='bbox 808 4673 956 4740; x_wconf 80' lang='lat' dir='ltr'>Omnibus</span> <span class='ocrx_word' id='word_1_379' title='bbox 976 4677 1054 4740; x_wconf 92' lang='lat' dir='ltr'>enim</span> <span class='ocrx_word' id='word_1_380' title='bbox 1067 4676 1152 4753; x_wconf 86' lang='lat' dir='ltr'>locis,</span> <span class='ocrx_word' id='word_1_381' title='bbox 1170 4674 1280 4759; x_wconf 87' lang='lat' dir='ltr'>quibus</span> 
     </span>
    </p>
   </div>
   <div class='ocr_carea' id='block_1_3' title="bbox 0 0 1337 5124">
    <p class='ocr_par' dir='ltr' id='par_1_3' title="bbox 0 0 1337 5124">
     <span class='ocr_line' id='line_1_41' title="bbox 0 0 1337 5124; baseline 0 0"><span class='ocrx_word' id='word_1_382' title='bbox 0 0 1337 5124; x_wconf 95' lang='lat' dir='ltr'> </span> 
     </span>
    </p>
   </div>
  </div>
 </body>
</html>
