<?xml version="1.0" encoding="UTF-8"?>
<!DOCTYPE html PUBLIC "-//W3C//DTD XHTML 1.0 Transitional//EN"
    "http://www.w3.org/TR/xhtml1/DTD/xhtml1-transitional.dtd">
<html xmlns="http://www.w3.org/1999/xhtml" xml:lang="en" lang="en">
 <head>
  <title>
</title>
<meta http-equiv="Content-Type" content="text/html;charset=utf-8" />
  <meta name='ocr-system' content='tesseract 3.04.00' />
  <meta name='ocr-capabilities' content='ocr_page ocr_carea ocr_par ocr_line ocrx_word'/>
</head>
<body>
  <div class='ocr_page' id='page_1' title='image "./civliicaesarisc01hirtgoog_0162.png"; bbox 0 0 2646 5124; ppageno 0'>
   <div class='ocr_carea' id='block_1_1' title="bbox 464 107 782 169">
    <p class='ocr_par' dir='ltr' id='par_1_1' title="bbox 464 107 782 169">
     <span class='ocr_line' id='line_1_1' title="bbox 464 107 782 169; baseline -0.022 3"><span class='ocrx_word' id='word_1_1' title='bbox 464 107 782 169; x_wconf 77' lang='lat'>—171—</span> 
     </span>
    </p>
   </div>
   <div class='ocr_carea' id='block_1_2' title="bbox 45 278 1258 4169">
    <p class='ocr_par' dir='ltr' id='par_1_2' title="bbox 45 278 1258 3442">
     <span class='ocr_line' id='line_1_2' title="bbox 84 278 1189 366; baseline 0.013 -30"><span class='ocrx_word' id='word_1_2' title='bbox 84 296 114 353; x_wconf 82' lang='lat' dir='ltr'><strong>ro,</strong></span> <span class='ocrx_word' id='word_1_3' title='bbox 130 284 174 366; x_wconf 82' lang='lat' dir='ltr'><strong>qui</strong></span> <span class='ocrx_word' id='word_1_4' title='bbox 193 279 311 365; x_wconf 76' lang='lat' dir='ltr'><strong>‘paerte&#39;</strong></span> <span class='ocrx_word' id='word_1_5' title='bbox 330 299 390 340; x_wconf 89' lang='lat' dir='ltr'><strong>non</strong></span> <span class='ocrx_word' id='word_1_6' title='bbox 406 278 442 339; x_wconf 89' lang='lat' dir='ltr'><strong>ud</strong></span> <span class='ocrx_word' id='word_1_7' title='bbox 463 278 624 355; x_wconf 59' lang='lat' dir='ltr'><strong>bosolenus,</strong></span> <span class='ocrx_word' id='word_1_8' title='bbox 642 281 693 341; x_wconf 87' lang='lat' dir='ltr'><strong>sed</strong></span> <span class='ocrx_word' id='word_1_9' title='bbox 710 282 746 341; x_wconf 85' lang='lat' dir='ltr'><strong>ud</strong></span> <span class='ocrx_word' id='word_1_10' title='bbox 764 281 884 343; x_wconf 83' lang='lat' dir='ltr'><strong>uerbum</strong></span> <span class='ocrx_word' id='word_1_11' title='bbox 895 284 1046 364; x_wconf 88' lang='lat' dir='ltr'><strong>pertinere</strong></span> <span class='ocrx_word' id='word_1_12' title='bbox 1059 288 1189 350; x_wconf 82' lang='lat' dir='ltr'><strong>arbitru-</strong></span> 
     </span>
     <span class='ocr_line' id='line_1_3' title="bbox 71 378 1189 466; baseline 0.004 -17"><span class='ocrx_word' id='word_1_13' title='bbox 71 398 151 449; x_wconf 79' lang='lat' dir='ltr'><strong>ntur.</strong></span> <span class='ocrx_word' id='word_1_14' title='bbox 183 380 353 466; x_wconf 79' lang='lat' dir='ltr'>Superiora</span> <span class='ocrx_word' id='word_1_15' title='bbox 368 378 460 442; x_wconf 87' lang='lat' dir='ltr'><strong>uerba</strong></span> <span class='ocrx_word' id='word_1_16' title='bbox 476 392 615 463; x_wconf 87' lang='lat' dir='ltr'><strong>corrupta</strong></span> <span class='ocrx_word' id='word_1_17' title='bbox 630 402 697 445; x_wconf 83' lang='lat' dir='ltr'><strong>esse</strong></span> <span class='ocrx_word' id='word_1_18' title='bbox 713 384 789 444; x_wconf 90' lang='lat' dir='ltr'><strong>idem</strong></span> <span class='ocrx_word' id='word_1_19' title='bbox 807 380 986 447; x_wconf 82' lang='lat' dir='ltr'><strong>Ciacconius</strong></span> <span class='ocrx_word' id='word_1_20' title='bbox 1003 387 1090 463; x_wconf 87' lang='lat' dir='ltr'><strong>uidit,</strong></span> <span class='ocrx_word' id='word_1_21' title='bbox 1114 391 1189 453; x_wconf 88' lang='lat' dir='ltr'><strong>nibil</strong></span> 
     </span>
     <span class='ocr_line' id='line_1_4' title="bbox 63 482 1188 569; baseline 0.003 -18"><span class='ocrx_word' id='word_1_22' title='bbox 63 494 168 565; x_wconf 83' lang='lat' dir='ltr'><strong>brnen,</strong></span> <span class='ocrx_word' id='word_1_23' title='bbox 185 485 269 569; x_wconf 84' lang='lat' dir='ltr'><strong>quod</strong></span> <span class='ocrx_word' id='word_1_24' title='bbox 286 482 440 568; x_wconf 76' lang='lat' dir='ltr'><strong>probabile</strong></span> <span class='ocrx_word' id='word_1_25' title='bbox 457 482 552 546; x_wconf 89' lang='lat' dir='ltr'><strong>uideri</strong></span> <span class='ocrx_word' id='word_1_26' title='bbox 568 484 672 565; x_wconf 77' lang='lat' dir='ltr'><strong>possit,</strong></span> <span class='ocrx_word' id='word_1_27' title='bbox 689 486 799 550; x_wconf 85' lang='lat' dir='ltr'><strong>ellecit.</strong></span> <span class='ocrx_word' id='word_1_28' title='bbox 823 484 910 567; x_wconf 80' lang='lat' dir='ltr'><strong>Quod</strong></span> <span class='ocrx_word' id='word_1_29' title='bbox 926 489 1017 551; x_wconf 85' lang='lat' dir='ltr'><strong>uerba</strong></span> <span class='ocrx_word' id='word_1_30' title='bbox 1034 485 1092 554; x_wconf 72' lang='lat' dir='ltr'><strong>‘lv</strong></span> <span class='ocrx_word' id='word_1_31' title='bbox 1106 491 1188 555; x_wconf 88' lang='lat' dir='ltr'><strong>birc-</strong></span> 
     </span>
     <span class='ocr_line' id='line_1_5' title="bbox 54 585 1188 673; baseline 0.001 -18"><span class='ocrx_word' id='word_1_32' title='bbox 54 612 112 655; x_wconf 77' lang='lat' dir='ltr'><strong>nes</strong></span> <span class='ocrx_word' id='word_1_33' title='bbox 128 592 163 654; x_wconf 88' lang='lat' dir='ltr'><strong>in</strong></span> <span class='ocrx_word' id='word_1_34' title='bbox 178 588 359 653; x_wconf 87' lang='lat' dir='ltr'><strong>interiorem</strong></span> <span class='ocrx_word' id='word_1_35' title='bbox 375 595 490 670; x_wconf 85' lang='lat' dir='ltr'><strong>portem</strong></span> <span class='ocrx_word' id='word_1_36' title='bbox 507 585 656 648; x_wconf 79' lang='lat' dir='ltr'><strong>traduxit’</strong></span> <span class='ocrx_word' id='word_1_37' title='bbox 670 588 736 651; x_wconf 89' lang='lat' dir='ltr'><strong>sine</strong></span> <span class='ocrx_word' id='word_1_38' title='bbox 751 588 858 671; x_wconf 88' lang='lat' dir='ltr'><strong>copula</strong></span> <span class='ocrx_word' id='word_1_39' title='bbox 872 591 1086 673; x_wconf 80' lang='lat' dir='ltr'><strong>adiunguntur.</strong></span> <span class='ocrx_word' id='word_1_40' title='bbox 1111 592 1188 657; x_wconf 92' lang='lat' dir='ltr'><strong>indi-</strong></span> 
     </span>
     <span class='ocr_line' id='line_1_6' title="bbox 50 687 1183 773; baseline -0.001 -14"><span class='ocrx_word' id='word_1_41' title='bbox 50 694 93 759; x_wconf 87' lang='lat' dir='ltr'><strong>eio</strong></span> <span class='ocrx_word' id='word_1_42' title='bbox 108 702 162 757; x_wconf 77' lang='lat' dir='ltr'><strong>cet</strong></span> <span class='ocrx_word' id='word_1_43' title='bbox 179 692 259 755; x_wconf 80' lang='lat' dir='ltr'><strong>baec</strong></span> <span class='ocrx_word' id='word_1_44' title='bbox 276 710 344 752; x_wconf 89' lang='lat' dir='ltr'><strong>cnm</strong></span> <span class='ocrx_word' id='word_1_45' title='bbox 360 687 567 773; x_wconf 84' lang='lat' dir='ltr'><strong>superioribus</strong></span> <span class='ocrx_word' id='word_1_46' title='bbox 584 687 684 751; x_wconf 91' lang='lat' dir='ltr'><strong>uerbis</strong></span> <span class='ocrx_word' id='word_1_47' title='bbox 694 711 782 753; x_wconf 90' lang='lat' dir='ltr'><strong>unam</strong></span> <span class='ocrx_word' id='word_1_48' title='bbox 792 692 1183 759; x_wconf 82' lang='lat' dir='ltr'><strong>effecisseennntiatiouem.</strong></span> 
     </span>
     <span class='ocr_line' id='line_1_7' title="bbox 45 794 1188 880; baseline -0.001 -19"><span class='ocrx_word' id='word_1_49' title='bbox 45 794 159 880; x_wconf 77' lang='lat' dir='ltr'><strong>Neque</strong></span> <span class='ocrx_word' id='word_1_50' title='bbox 175 814 269 871; x_wconf 89' lang='lat' dir='ltr'><strong>uero,</strong></span> <span class='ocrx_word' id='word_1_51' title='bbox 287 794 314 855; x_wconf 88' lang='lat' dir='ltr'><strong>si</strong></span> <span class='ocrx_word' id='word_1_52' title='bbox 329 794 395 877; x_wconf 85' lang='lat' dir='ltr'><strong>quis</strong></span> <span class='ocrx_word' id='word_1_53' title='bbox 410 802 537 875; x_wconf 92' lang='lat' dir='ltr'><strong>poneret</strong></span> <span class='ocrx_word' id='word_1_54' title='bbox 553 798 595 852; x_wconf 86' lang='lat' dir='ltr'><strong>‘et</strong></span> <span class='ocrx_word' id='word_1_55' title='bbox 610 803 752 872; x_wconf 88' lang='lat' dir='ltr'><strong>quattuor</strong></span> <span class='ocrx_word' id='word_1_56' title='bbox 766 794 896 856; x_wconf 79' lang='lat' dir='ltr'>biremes</span> <span class='ocrx_word' id='word_1_57' title='bbox 911 832 947 841; x_wconf 90' lang='lat'><strong>-·</strong></span> <span class='ocrx_word' id='word_1_58' title='bbox 968 796 999 858; x_wconf 90' lang='lat' dir='ltr'><strong>in</strong></span> <span class='ocrx_word' id='word_1_59' title='bbox 1015 795 1188 860; x_wconf 89' lang='lat' dir='ltr'><strong>interiorem</strong></span> 
     </span>
     <span class='ocr_line' id='line_1_8' title="bbox 45 890 1187 985; baseline 0 -24"><span class='ocrx_word' id='word_1_60' title='bbox 45 913 163 985; x_wconf 80' lang='lat' dir='ltr'><strong>purtem</strong></span> <span class='ocrx_word' id='word_1_61' title='bbox 187 894 356 971; x_wconf 63' lang='lat' dir='ltr'><strong>traduxit,</strong></span> <span class='ocrx_word' id='word_1_62' title='bbox 378 894 455 978; x_wconf 88' lang='lat' dir='ltr'><strong>qood</strong></span> <span class='ocrx_word' id='word_1_63' title='bbox 470 890 594 958; x_wconf 80' lang='lat' dir='ltr'><strong>Clarkio</strong></span> <span class='ocrx_word' id='word_1_64' title='bbox 614 893 710 956; x_wconf 89' lang='lat' dir='ltr'><strong>uisum</strong></span> <span class='ocrx_word' id='word_1_65' title='bbox 727 907 786 971; x_wconf 86' lang='lat' dir='ltr'><strong>est,</strong></span> <span class='ocrx_word' id='word_1_66' title='bbox 804 897 958 979; x_wconf 80' lang='lat' dir='ltr'><strong>superiora</strong></span> <span class='ocrx_word' id='word_1_67' title='bbox 975 908 1058 961; x_wconf 87' lang='lat' dir='ltr'><strong>recta</strong></span> <span class='ocrx_word' id='word_1_68' title='bbox 1073 909 1187 963; x_wconf 86' lang='lat' dir='ltr'><strong>essent.</strong></span> 
     </span>
     <span class='ocr_line' id='line_1_9' title="bbox 45 997 1258 1083; baseline 0 -20"><span class='ocrx_word' id='word_1_69' title='bbox 45 998 219 1065; x_wconf 75' lang='lat' dir='ltr'><strong>Nemeum</strong></span> <span class='ocrx_word' id='word_1_70' title='bbox 236 998 336 1061; x_wconf 82' lang='lat' dir='ltr'><strong>moles</strong></span> <span class='ocrx_word' id='word_1_71' title='bbox 351 997 502 1061; x_wconf 81' lang='lat' dir='ltr'><strong>diceretur</strong></span> <span class='ocrx_word' id='word_1_72' title='bbox 522 998 657 1074; x_wconf 87' lang='lat' dir='ltr'><strong>obiecta,</strong></span> <span class='ocrx_word' id='word_1_73' title='bbox 684 1019 745 1059; x_wconf 93' lang='lat' dir='ltr'><strong>non</strong></span> <span class='ocrx_word' id='word_1_74' title='bbox 767 1009 886 1080; x_wconf 86' lang='lat' dir='ltr'><strong>poterat</strong></span> <span class='ocrx_word' id='word_1_75' title='bbox 909 1000 947 1062; x_wconf 87' lang='lat' dir='ltr'><strong>iis</strong></span> <span class='ocrx_word' id='word_1_76' title='bbox 971 999 1070 1063; x_wconf 87' lang='lat' dir='ltr'><strong>uerbis</strong></span> <span class='ocrx_word' id='word_1_77' title='bbox 1086 1021 1190 1083; x_wconf 84' lang='lat' dir='ltr'><strong>super·</strong></span> <span class='ocrx_word' id='word_1_78' title='bbox 1255 1044 1258 1050; x_wconf 19' lang='grc' dir='ltr'><strong>Α</strong></span> 
     </span>
     <span class='ocr_line' id='line_1_10' title="bbox 45 1100 1190 1178; baseline -0.002 -11"><span class='ocrx_word' id='word_1_79' title='bbox 45 1104 115 1167; x_wconf 84' lang='lat' dir='ltr'><strong>addi</strong></span> <span class='ocrx_word' id='word_1_80' title='bbox 131 1102 322 1165; x_wconf 81' lang='lat' dir='ltr'><strong>adieetiuum</strong></span> <span class='ocrx_word' id='word_1_81' title='bbox 341 1100 520 1178; x_wconf 84' lang='lat' dir='ltr'><strong>‘naturalis&#39;‚</strong></span> <span class='ocrx_word' id='word_1_82' title='bbox 537 1100 590 1163; x_wconf 91' lang='lat' dir='ltr'><strong>sed</strong></span> <span class='ocrx_word' id='word_1_83' title='bbox 607 1100 713 1163; x_wconf 87' lang='lat' dir='ltr'><strong>‘moles</strong></span> <span class='ocrx_word' id='word_1_84' title='bbox 731 1101 910 1165; x_wconf 86' lang='lat' dir='ltr'><strong>naturaliter</strong></span> <span class='ocrx_word' id='word_1_85' title='bbox 920 1101 1047 1165; x_wconf 83' lang='lat' dir='ltr'><strong>obiectn&#39;</strong></span> <span class='ocrx_word' id='word_1_86' title='bbox 1063 1102 1190 1165; x_wconf 89' lang='lat' dir='ltr'><strong>dicenda</strong></span> 
     </span>
     <span class='ocr_line' id='line_1_11' title="bbox 47 1202 1189 1288; baseline -0.004 -17"><span class='ocrx_word' id='word_1_87' title='bbox 47 1216 126 1271; x_wconf 79' lang='lat' dir='ltr'><strong>eret.</strong></span> <span class='ocrx_word' id='word_1_88' title='bbox 161 1202 273 1287; x_wconf 76' lang='lat' dir='ltr'><strong>ltaque</strong></span> <span class='ocrx_word' id='word_1_89' title='bbox 295 1203 341 1265; x_wconf 85' lang='lat' dir='ltr'><strong>ita</strong></span> <span class='ocrx_word' id='word_1_90' title='bbox 361 1203 503 1286; x_wconf 84' lang='lat' dir='ltr'><strong>scriptum</strong></span> <span class='ocrx_word' id='word_1_91' title='bbox 520 1203 613 1266; x_wconf 85' lang='lat' dir='ltr'><strong>luisse</strong></span> <span class='ocrx_word' id='word_1_92' title='bbox 629 1202 769 1267; x_wconf 86' lang='lat' dir='ltr'><strong>arbitror:</strong></span> <span class='ocrx_word' id='word_1_93' title='bbox 797 1203 971 1287; x_wconf 89' lang='lat' dir='ltr'><strong>‘eodemque</strong></span> <span class='ocrx_word' id='word_1_94' title='bbox 991 1215 1126 1288; x_wconf 83' lang='lat' dir='ltr'><strong>tempore</strong></span> <span class='ocrx_word' id='word_1_95' title='bbox 1148 1226 1189 1267; x_wconf 83' lang='lat' dir='ltr'><strong>ex</strong></span> 
     </span>
     <span class='ocr_line' id='line_1_12' title="bbox 49 1303 1189 1391; baseline -0.003 -18"><span class='ocrx_word' id='word_1_96' title='bbox 49 1308 150 1373; x_wconf 81' lang='lat' dir='ltr'><strong>altera</strong></span> <span class='ocrx_word' id='word_1_97' title='bbox 164 1316 252 1391; x_wconf 79' lang='lat' dir='ltr'><strong>parte</strong></span> <span class='ocrx_word' id='word_1_98' title='bbox 268 1303 351 1368; x_wconf 88' lang='lat' dir='ltr'><strong>mole</strong></span> <span class='ocrx_word' id='word_1_99' title='bbox 367 1304 449 1368; x_wconf 85' lang='lat' dir='ltr'><strong>tenni</strong></span> <span class='ocrx_word' id='word_1_100' title='bbox 466 1306 644 1369; x_wconf 79' lang='lat' dir='ltr'><strong>naturaliter</strong></span> <span class='ocrx_word' id='word_1_101' title='bbox 658 1305 775 1368; x_wconf 89' lang='lat' dir='ltr'><strong>obiecta</strong></span> <span class='ocrx_word' id='word_1_102' title='bbox 789 1344 833 1353; x_wconf 88' lang='lat'><strong>——</strong></span> <span class='ocrx_word' id='word_1_103' title='bbox 847 1318 988 1388; x_wconf 83' lang='lat' dir='ltr'><strong>quattuor</strong></span> <span class='ocrx_word' id='word_1_104' title='bbox 1002 1307 1132 1372; x_wconf 84' lang='lat' dir='ltr'><strong>biremes</strong></span> <span class='ocrx_word' id='word_1_105' title='bbox 1146 1346 1189 1357; x_wconf 95' lang='lat'>-</span> 
     </span>
     <span class='ocr_line' id='line_1_13' title="bbox 51 1404 1188 1496; baseline 0 -21"><span class='ocrx_word' id='word_1_106' title='bbox 51 1410 83 1475; x_wconf 92' lang='lat' dir='ltr'><strong>in</strong></span> <span class='ocrx_word' id='word_1_107' title='bbox 96 1410 280 1475; x_wconf 87' lang='lat' dir='ltr'><strong>interiorem</strong></span> <span class='ocrx_word' id='word_1_108' title='bbox 296 1417 414 1492; x_wconf 82' lang='lat' dir='ltr'><strong>partem</strong></span> <span class='ocrx_word' id='word_1_109' title='bbox 431 1406 585 1470; x_wconf 86' lang='lat' dir='ltr'><strong>traduxit‘.</strong></span> <span class='ocrx_word' id='word_1_110' title='bbox 610 1404 662 1471; x_wconf 84' lang='lat' dir='ltr'><strong>Ex</strong></span> <span class='ocrx_word' id='word_1_111' title='bbox 678 1408 724 1471; x_wconf 84' lang='lat' dir='ltr'><strong>bio</strong></span> <span class='ocrx_word' id='word_1_112' title='bbox 740 1428 787 1485; x_wconf 87' lang='lat' dir='ltr'><strong>ea,</strong></span> <span class='ocrx_word' id='word_1_113' title='bbox 805 1429 879 1491; x_wconf 88' lang='lat' dir='ltr'><strong>quae</strong></span> <span class='ocrx_word' id='word_1_114' title='bbox 896 1430 973 1473; x_wconf 92' lang='lat' dir='ltr'><strong>nunc</strong></span> <span class='ocrx_word' id='word_1_115' title='bbox 982 1410 1135 1496; x_wconf 82' lang='lat' dir='ltr'><strong>leguntur,</strong></span> <span class='ocrx_word' id='word_1_116' title='bbox 1146 1412 1188 1476; x_wconf 82' lang='lat' dir='ltr'><strong>ita</strong></span> 
     </span>
     <span class='ocr_line' id='line_1_14' title="bbox 53 1510 1189 1598; baseline 0 -21"><span class='ocrx_word' id='word_1_117' title='bbox 53 1522 118 1577; x_wconf 75' lang='lat' dir='ltr'><strong>ortu</strong></span> <span class='ocrx_word' id='word_1_118' title='bbox 132 1522 225 1591; x_wconf 80' lang='lat' dir='ltr'><strong>sunt,</strong></span> <span class='ocrx_word' id='word_1_119' title='bbox 248 1520 285 1575; x_wconf 93' lang='lat' dir='ltr'><strong>nt</strong></span> <span class='ocrx_word' id='word_1_120' title='bbox 299 1510 428 1595; x_wconf 86' lang='lat' dir='ltr'><strong>primum</strong></span> <span class='ocrx_word' id='word_1_121' title='bbox 443 1510 546 1573; x_wconf 84' lang='lat' dir='ltr'><strong>exitus</strong></span> <span class='ocrx_word' id='word_1_122' title='bbox 561 1510 773 1574; x_wconf 88' lang='lat' dir='ltr'><strong>uocabulorum</strong></span> <span class='ocrx_word' id='word_1_123' title='bbox 797 1513 896 1575; x_wconf 86' lang='lat' dir='ltr'><strong>‘tenui</strong></span> <span class='ocrx_word' id='word_1_124' title='bbox 911 1514 1103 1579; x_wconf 83' lang='lat' dir='ltr'><strong>naturaliter’</strong></span> <span class='ocrx_word' id='word_1_125' title='bbox 1119 1534 1189 1598; x_wconf 91' lang='lat' dir='ltr'><strong>per-</strong></span> 
     </span>
     <span class='ocr_line' id='line_1_15' title="bbox 53 1611 1187 1701; baseline 0 -22"><span class='ocrx_word' id='word_1_126' title='bbox 53 1625 263 1693; x_wconf 62' lang='lat' dir='ltr'><strong>nouantur,</strong></span> <span class='ocrx_word' id='word_1_127' title='bbox 288 1612 365 1696; x_wconf 86' lang='lat' dir='ltr'><strong>quod</strong></span> <span class='ocrx_word' id='word_1_128' title='bbox 388 1611 457 1675; x_wconf 88' lang='lat' dir='ltr'><strong>item</strong></span> <span class='ocrx_word' id='word_1_129' title='bbox 480 1612 510 1677; x_wconf 94' lang='lat' dir='ltr'><strong>b.</strong></span> <span class='ocrx_word' id='word_1_130' title='bbox 528 1611 610 1677; x_wconf 85' lang='lat' dir='ltr'><strong>Gall.</strong></span> <span class='ocrx_word' id='word_1_131' title='bbox 628 1611 687 1692; x_wconf 84' lang='lat' dir='ltr'><strong>vl,</strong></span> <span class='ocrx_word' id='word_1_132' title='bbox 709 1612 764 1691; x_wconf 80' lang='lat'><strong>21,</strong></span> <span class='ocrx_word' id='word_1_133' title='bbox 787 1612 806 1676; x_wconf 99' lang='grc'><strong>5</strong></span> <span class='ocrx_word' id='word_1_134' title='bbox 830 1616 1003 1679; x_wconf 78' lang='lat' dir='ltr'><strong>factumest</strong></span> <span class='ocrx_word' id='word_1_135' title='bbox 1022 1618 1053 1679; x_wconf 93' lang='lat' dir='ltr'><strong>in</strong></span> <span class='ocrx_word' id='word_1_136' title='bbox 1074 1618 1187 1701; x_wconf 90' lang='lat' dir='ltr'><strong>optimo</strong></span> 
     </span>
     <span class='ocr_line' id='line_1_16' title="bbox 56 1712 1188 1801; baseline -0.001 -21"><span class='ocrx_word' id='word_1_137' title='bbox 56 1712 234 1801; x_wconf 64' lang='lat' dir='ltr'><strong>Bongpr„</strong></span> <span class='ocrx_word' id='word_1_138' title='bbox 251 1726 286 1780; x_wconf 91' lang='lat' dir='ltr'><strong>ut</strong></span> <span class='ocrx_word' id='word_1_139' title='bbox 300 1715 455 1779; x_wconf 84' lang='lat' dir='ltr'><strong>‘lemiuam</strong></span> <span class='ocrx_word' id='word_1_140' title='bbox 471 1716 605 1779; x_wconf 84' lang='lat' dir='ltr'><strong>notitiae&#39;</strong></span> <span class='ocrx_word' id='word_1_141' title='bbox 621 1716 816 1793; x_wconf 77' lang='lat' dir='ltr'><strong>scriberetur,</strong></span> <span class='ocrx_word' id='word_1_142' title='bbox 833 1738 899 1779; x_wconf 91' lang='lat' dir='ltr'><strong>cum</strong></span> <span class='ocrx_word' id='word_1_143' title='bbox 915 1718 1188 1781; x_wconf 82' lang='lat' dir='ltr'><strong>deberet‘lcminae</strong></span> 
     </span>
     <span class='ocr_line' id='line_1_17' title="bbox 58 1814 1189 1903; baseline 0.001 -21"><span class='ocrx_word' id='word_1_144' title='bbox 58 1820 226 1883; x_wconf 77' lang='lat' dir='ltr'><strong>notitiam&#39;.</strong></span> <span class='ocrx_word' id='word_1_145' title='bbox 245 1814 496 1903; x_wconf 84' lang='lat' dir='ltr'><strong>lleindecnmpro</strong></span> <span class='ocrx_word' id='word_1_146' title='bbox 506 1819 641 1882; x_wconf 72' lang='lat' dir='ltr'><strong>‘tenuis&#39;</strong></span> <span class='ocrx_word' id='word_1_147' title='bbox 654 1820 678 1883; x_wconf 90' lang='lat' dir='ltr'><strong>i.</strong></span> <span class='ocrx_word' id='word_1_148' title='bbox 689 1841 717 1883; x_wconf 91' lang='lat' dir='ltr'><strong>e.</strong></span> <span class='ocrx_word' id='word_1_149' title='bbox 729 1818 1189 1903; x_wconf 77' lang='lat' dir='ltr'><strong>‘tenuiter&#39;scriptumesset‘te·</strong></span> 
     </span>
     <span class='ocr_line' id='line_1_18' title="bbox 62 1919 1190 2005; baseline 0 -20"><span class='ocrx_word' id='word_1_150' title='bbox 62 1920 141 1985; x_wconf 85' lang='lat' dir='ltr'><strong>nnit&#39;</strong></span> <span class='ocrx_word' id='word_1_151' title='bbox 160 1920 253 2005; x_wconf 77' lang='lat' dir='ltr'><strong>idque</strong></span> <span class='ocrx_word' id='word_1_152' title='bbox 275 1919 395 1985; x_wconf 88' lang='lat' dir='ltr'><strong>uerbum</strong></span> <span class='ocrx_word' id='word_1_153' title='bbox 412 1921 576 1997; x_wconf 88' lang='lat' dir='ltr'><strong>uideretur,</strong></span> <span class='ocrx_word' id='word_1_154' title='bbox 593 1922 758 1986; x_wconf 84' lang='lat' dir='ltr'><strong>aecusatiui</strong></span> <span class='ocrx_word' id='word_1_155' title='bbox 782 1922 906 1986; x_wconf 86' lang='lat' dir='ltr'><strong>‘molem</strong></span> <span class='ocrx_word' id='word_1_156' title='bbox 924 1923 1091 1985; x_wconf 79' lang='lat' dir='ltr'><strong>naturalem</strong></span> <span class='ocrx_word' id='word_1_157' title='bbox 1109 1922 1190 1985; x_wconf 90' lang='lat' dir='ltr'><strong>obie-</strong></span> 
     </span>
     <span class='ocr_line' id='line_1_19' title="bbox 62 2019 1191 2107; baseline 0 -20"><span class='ocrx_word' id='word_1_158' title='bbox 62 2022 252 2089; x_wconf 82' lang='lat' dir='ltr'><strong>ctam’ellleli</strong></span> <span class='ocrx_word' id='word_1_159' title='bbox 274 2034 358 2087; x_wconf 84' lang='lat' dir='ltr'><strong>eunt.</strong></span> <span class='ocrx_word' id='word_1_160' title='bbox 384 2019 469 2106; x_wconf 84' lang='lat' dir='ltr'><strong>Quos</strong></span> <span class='ocrx_word' id='word_1_161' title='bbox 484 2025 676 2087; x_wconf 76' lang='lat' dir='ltr'><strong>accusatione</strong></span> <span class='ocrx_word' id='word_1_162' title='bbox 691 2024 758 2089; x_wconf 91' lang='lat' dir='ltr'><strong>ideo</strong></span> <span class='ocrx_word' id='word_1_163' title='bbox 774 2048 833 2088; x_wconf 90' lang='lat' dir='ltr'><strong>non</strong></span> <span class='ocrx_word' id='word_1_164' title='bbox 850 2025 974 2099; x_wconf 83' lang='lat' dir='ltr'><strong>retinui,</strong></span> <span class='ocrx_word' id='word_1_165' title='bbox 994 2024 1061 2107; x_wconf 82' lang='lat' dir='ltr'><strong>quia</strong></span> <span class='ocrx_word' id='word_1_166' title='bbox 1074 2024 1191 2101; x_wconf 65' lang='lat' dir='ltr'><strong>adiecto</strong></span> 
     </span>
     <span class='ocr_line' id='line_1_20' title="bbox 59 2125 1192 2209; baseline -0.003 -18"><span class='ocrx_word' id='word_1_167' title='bbox 59 2126 141 2205; x_wconf 89' lang='lat' dir='ltr'><strong>loco,</strong></span> <span class='ocrx_word' id='word_1_168' title='bbox 165 2128 198 2191; x_wconf 92' lang='lat' dir='ltr'><strong>in</strong></span> <span class='ocrx_word' id='word_1_169' title='bbox 221 2147 311 2209; x_wconf 87' lang='lat' dir='ltr'><strong>quem</strong></span> <span class='ocrx_word' id='word_1_170' title='bbox 335 2126 447 2209; x_wconf 89' lang='lat' dir='ltr'><strong>aliquid</strong></span> <span class='ocrx_word' id='word_1_171' title='bbox 469 2125 634 2189; x_wconf 85' lang='lat' dir='ltr'><strong>traductum</strong></span> <span class='ocrx_word' id='word_1_172' title='bbox 652 2139 745 2203; x_wconf 86' lang='lat' dir='ltr'><strong>esset,</strong></span> <span class='ocrx_word' id='word_1_173' title='bbox 769 2126 889 2191; x_wconf 85' lang='lat' dir='ltr'><strong>Latinis</strong></span> <span class='ocrx_word' id='word_1_174' title='bbox 911 2130 1015 2192; x_wconf 89' lang='lat' dir='ltr'><strong>durum</strong></span> <span class='ocrx_word' id='word_1_175' title='bbox 1033 2127 1129 2189; x_wconf 89' lang='lat' dir='ltr'><strong>uisum</strong></span> <span class='ocrx_word' id='word_1_176' title='bbox 1146 2136 1192 2189; x_wconf 83' lang='lat' dir='ltr'><strong>est</strong></span> 
     </span>
     <span class='ocr_line' id='line_1_21' title="bbox 61 2230 1191 2315; baseline -0.002 -22"><span class='ocrx_word' id='word_1_177' title='bbox 61 2230 201 2315; x_wconf 74' lang='lat' dir='ltr'><strong>duplicem</strong></span> <span class='ocrx_word' id='word_1_178' title='bbox 225 2230 434 2295; x_wconf 81' lang='lat' dir='ltr'><strong>aecusatiuom</strong></span> <span class='ocrx_word' id='word_1_179' title='bbox 458 2248 588 2312; x_wconf 85' lang='lat' dir='ltr'><strong>ponere,</strong></span> <span class='ocrx_word' id='word_1_180' title='bbox 614 2230 666 2293; x_wconf 89' lang='lat' dir='ltr'><strong>sed</strong></span> <span class='ocrx_word' id='word_1_181' title='bbox 688 2240 741 2293; x_wconf 90' lang='lat' dir='ltr'><strong>aut</strong></span> <span class='ocrx_word' id='word_1_182' title='bbox 762 2251 797 2293; x_wconf 92' lang='lat' dir='ltr'><strong>ea</strong></span> <span class='ocrx_word' id='word_1_183' title='bbox 822 2233 916 2293; x_wconf 67' lang='lat' dir='ltr'><strong>borma</strong></span> <span class='ocrx_word' id='word_1_184' title='bbox 934 2231 979 2293; x_wconf 86' lang='lat' dir='ltr'><strong>usi</strong></span> <span class='ocrx_word' id='word_1_185' title='bbox 996 2239 1079 2304; x_wconf 82' lang='lat' dir='ltr'><strong>suut,</strong></span> <span class='ocrx_word' id='word_1_186' title='bbox 1104 2249 1191 2311; x_wconf 84' lang='lat' dir='ltr'><strong>quam</strong></span> 
     </span>
     <span class='ocr_line' id='line_1_22' title="bbox 63 2329 1192 2418; baseline -0.004 -21"><span class='ocrx_word' id='word_1_187' title='bbox 63 2334 143 2418; x_wconf 78' lang='lat' dir='ltr'><strong>poeni</strong></span> <span class='ocrx_word' id='word_1_188' title='bbox 164 2333 309 2415; x_wconf 86' lang='lat' dir='ltr'><strong>(eandem</strong></span> <span class='ocrx_word' id='word_1_189' title='bbox 333 2342 433 2396; x_wconf 86' lang='lat' dir='ltr'><strong>entem</strong></span> <span class='ocrx_word' id='word_1_190' title='bbox 448 2331 558 2396; x_wconf 87' lang='lat' dir='ltr'><strong>babent</strong></span> <span class='ocrx_word' id='word_1_191' title='bbox 572 2331 646 2395; x_wconf 86' lang='lat' dir='ltr'><strong>baec</strong></span> <span class='ocrx_word' id='word_1_192' title='bbox 660 2329 742 2396; x_wconf 90' lang='lat' dir='ltr'><strong>Liuii</strong></span> <span class='ocrx_word' id='word_1_193' title='bbox 758 2331 901 2409; x_wconf 82' lang='lat' dir='ltr'><strong>XXXV,</strong></span> <span class='ocrx_word' id='word_1_194' title='bbox 919 2332 962 2397; x_wconf 80' lang='lat' dir='ltr'><strong>tu</strong></span> <span class='ocrx_word' id='word_1_195' title='bbox 978 2332 1129 2417; x_wconf 87' lang='lat' dir='ltr'><strong>‘equitum</strong></span> <span class='ocrx_word' id='word_1_196' title='bbox 1145 2330 1192 2394; x_wconf 92' lang='lat' dir='ltr'><strong>in-</strong></span> 
     </span>
     <span class='ocr_line' id='line_1_23' title="bbox 64 2434 1190 2520; baseline 0 -21"><span class='ocrx_word' id='word_1_197' title='bbox 64 2436 278 2501; x_wconf 76' lang='lat' dir='ltr'><strong>numerabilem</strong></span> <span class='ocrx_word' id='word_1_198' title='bbox 293 2436 354 2499; x_wconf 88' lang='lat' dir='ltr'><strong>uim</strong></span> <span class='ocrx_word' id='word_1_199' title='bbox 370 2435 456 2499; x_wconf 86' lang='lat' dir='ltr'><strong>traici</strong></span> <span class='ocrx_word' id='word_1_200' title='bbox 466 2434 661 2520; x_wconf 83' lang='lat' dir='ltr'><strong>Hellesponto</strong></span> <span class='ocrx_word' id='word_1_201' title='bbox 677 2434 905 2519; x_wconf 82' lang='lat' dir='ltr'><strong>inEuropam&#39;)‚</strong></span> <span class='ocrx_word' id='word_1_202' title='bbox 923 2438 1097 2513; x_wconf 79' lang='lat' dir='ltr'><strong>notabere,</strong></span> <span class='ocrx_word' id='word_1_203' title='bbox 1114 2456 1190 2518; x_wconf 80' lang='lat' dir='ltr'><strong>quae</strong></span> 
     </span>
     <span class='ocr_line' id='line_1_24' title="bbox 64 2534 1192 2625; baseline -0.003 -22"><span class='ocrx_word' id='word_1_204' title='bbox 64 2548 105 2603; x_wconf 83' lang='lat' dir='ltr'><strong>ert</strong></span> <span class='ocrx_word' id='word_1_205' title='bbox 122 2541 205 2625; x_wconf 82' lang='lat' dir='ltr'><strong>apud</strong></span> <span class='ocrx_word' id='word_1_206' title='bbox 231 2534 328 2603; x_wconf 82' lang='lat' dir='ltr'><strong>Caes.</strong></span> <span class='ocrx_word' id='word_1_207' title='bbox 349 2539 380 2602; x_wconf 92' lang='lat' dir='ltr'><strong>b.</strong></span> <span class='ocrx_word' id='word_1_208' title='bbox 404 2536 484 2603; x_wconf 87' lang='lat' dir='ltr'><strong>Gall.</strong></span> <span class='ocrx_word' id='word_1_209' title='bbox 501 2536 528 2617; x_wconf 90' lang='lat' dir='ltr'><strong>l,</strong></span> <span class='ocrx_word' id='word_1_210' title='bbox 545 2538 599 2617; x_wconf 82' lang='grc'><strong>35,</strong></span> <span class='ocrx_word' id='word_1_211' title='bbox 624 2538 644 2601; x_wconf 88' lang='grc'>3</span> <span class='ocrx_word' id='word_1_212' title='bbox 667 2546 726 2601; x_wconf 83' lang='lat' dir='ltr'><strong>‘nc</strong></span> <span class='ocrx_word' id='word_1_213' title='bbox 748 2561 835 2623; x_wconf 86' lang='lat' dir='ltr'><strong>quam</strong></span> <span class='ocrx_word' id='word_1_214' title='bbox 858 2541 1075 2605; x_wconf 85' lang='lat' dir='ltr'><strong>multitudinem</strong></span> <span class='ocrx_word' id='word_1_215' title='bbox 1097 2538 1192 2602; x_wconf 93' lang='lat' dir='ltr'><strong>bomi-</strong></span> 
     </span>
     <span class='ocr_line' id='line_1_25' title="bbox 65 2636 1192 2726; baseline -0.004 -21"><span class='ocrx_word' id='word_1_216' title='bbox 65 2662 126 2707; x_wconf 85' lang='lat' dir='ltr'><strong>num</strong></span> <span class='ocrx_word' id='word_1_217' title='bbox 141 2641 277 2726; x_wconf 80' lang='lat' dir='ltr'><strong>ampliue</strong></span> <span class='ocrx_word' id='word_1_218' title='bbox 294 2651 379 2703; x_wconf 83' lang='lat' dir='ltr'><strong>trane</strong></span> <span class='ocrx_word' id='word_1_219' title='bbox 393 2636 531 2705; x_wconf 88' lang='lat' dir='ltr'><strong>llbenum</strong></span> <span class='ocrx_word' id='word_1_220' title='bbox 547 2642 579 2705; x_wconf 92' lang='lat' dir='ltr'><strong>in</strong></span> <span class='ocrx_word' id='word_1_221' title='bbox 592 2638 723 2705; x_wconf 87' lang='lat' dir='ltr'><strong>Galliam</strong></span> <span class='ocrx_word' id='word_1_222' title='bbox 737 2643 929 2706; x_wconf 84' lang='lat' dir='ltr'><strong>traduceret&#39;.</strong></span> <span class='ocrx_word' id='word_1_223' title='bbox 956 2642 1094 2723; x_wconf 84' lang='lat' dir='ltr'><strong>Denique</strong></span> <span class='ocrx_word' id='word_1_224' title='bbox 1111 2650 1192 2703; x_wconf 83' lang='lat' dir='ltr'><strong>‘eeu-</strong></span> 
     </span>
     <span class='ocr_line' id='line_1_26' title="bbox 66 2744 1195 2830; baseline -0.01 -19"><span class='ocrx_word' id='word_1_225' title='bbox 66 2744 143 2826; x_wconf 77' lang='lat' dir='ltr'><strong>ula&#39;,</strong></span> <span class='ocrx_word' id='word_1_226' title='bbox 161 2744 277 2830; x_wconf 77' lang='lat' dir='ltr'><strong>quibus</strong></span> <span class='ocrx_word' id='word_1_227' title='bbox 293 2764 387 2808; x_wconf 79' lang='lat' dir='ltr'><strong>nones</strong></span> <span class='ocrx_word' id='word_1_228' title='bbox 402 2744 556 2809; x_wconf 82' lang='lat' dir='ltr'><strong>traductae</strong></span> <span class='ocrx_word' id='word_1_229' title='bbox 572 2746 726 2821; x_wconf 83' lang='lat' dir='ltr'><strong>dicuutur,</strong></span> <span class='ocrx_word' id='word_1_230' title='bbox 743 2744 840 2825; x_wconf 86' lang='lat' dir='ltr'><strong>qualia</strong></span> <span class='ocrx_word' id='word_1_231' title='bbox 858 2746 1002 2815; x_wconf 85' lang='lat' dir='ltr'><strong>luissent,</strong></span> <span class='ocrx_word' id='word_1_232' title='bbox 1019 2762 1110 2805; x_wconf 90' lang='lat' dir='ltr'><strong>nemo</strong></span> <span class='ocrx_word' id='word_1_233' title='bbox 1125 2761 1195 2823; x_wconf 90' lang='lat' dir='ltr'><strong>pro-</strong></span> 
     </span>
     <span class='ocr_line' id='line_1_27' title="bbox 65 2830 1197 2932; baseline -0.009 -19"><span class='ocrx_word' id='word_1_234' title='bbox 65 2844 202 2915; x_wconf 67' lang='lat' dir='ltr'><strong>babiliter</strong></span> <span class='ocrx_word' id='word_1_235' title='bbox 216 2846 394 2931; x_wconf 83' lang='lat' dir='ltr'><strong>explicauit.</strong></span> <span class='ocrx_word' id='word_1_236' title='bbox 426 2845 493 2913; x_wconf 90' lang='lat' dir='ltr'><strong>lloc</strong></span> <span class='ocrx_word' id='word_1_237' title='bbox 515 2830 632 2932; x_wconf 83' lang='lat' dir='ltr'><strong>quoque</strong></span> <span class='ocrx_word' id='word_1_238' title='bbox 651 2846 822 2911; x_wconf 84' lang='lat' dir='ltr'><strong>emenduuit</strong></span> <span class='ocrx_word' id='word_1_239' title='bbox 837 2841 1020 2909; x_wconf 84' lang='lat' dir='ltr'><strong>Cioceonius</strong></span> <span class='ocrx_word' id='word_1_240' title='bbox 1043 2842 1197 2907; x_wconf 86' lang='lat' dir='ltr'><strong>suculaea</strong></span> 
     </span>
     <span class='ocr_line' id='line_1_28' title="bbox 66 2945 1196 3033; baseline -0.005 -18"><span class='ocrx_word' id='word_1_241' title='bbox 66 2946 200 3015; x_wconf 73' lang='lat' dir='ltr'><strong>laenate</strong></span> <span class='ocrx_word' id='word_1_242' title='bbox 214 2950 333 3033; x_wconf 83' lang='lat' dir='ltr'><strong>positas</strong></span> <span class='ocrx_word' id='word_1_243' title='bbox 348 2971 416 3016; x_wconf 85' lang='lat' dir='ltr'><strong>esse</strong></span> <span class='ocrx_word' id='word_1_244' title='bbox 430 2952 553 3017; x_wconf 79' lang='lat' dir='ltr'><strong>doeens.</strong></span> <span class='ocrx_word' id='word_1_245' title='bbox 578 2947 710 3015; x_wconf 84' lang='lat' dir='ltr'><strong>Suculae</strong></span> <span class='ocrx_word' id='word_1_246' title='bbox 727 2949 806 3013; x_wconf 88' lang='lat' dir='ltr'><strong>enim</strong></span> <span class='ocrx_word' id='word_1_247' title='bbox 823 2958 913 3012; x_wconf 87' lang='lat' dir='ltr'><strong>erant</strong></span> <span class='ocrx_word' id='word_1_248' title='bbox 927 2947 957 3009; x_wconf 94' lang='lat' dir='ltr'><strong>in</strong></span> <span class='ocrx_word' id='word_1_249' title='bbox 974 2945 1119 3011; x_wconf 85' lang='lat' dir='ltr'><strong>machinis</strong></span> <span class='ocrx_word' id='word_1_250' title='bbox 1135 2954 1196 3009; x_wconf 85' lang='lat' dir='ltr'><strong>tor·</strong></span> 
     </span>
     <span class='ocr_line' id='line_1_29' title="bbox 67 3048 1196 3137; baseline -0.008 -20"><span class='ocrx_word' id='word_1_251' title='bbox 67 3050 217 3117; x_wconf 77' lang='lat' dir='ltr'><strong>mlaribne</strong></span> <span class='ocrx_word' id='word_1_252' title='bbox 231 3052 316 3137; x_wconf 81' lang='lat' dir='ltr'><strong>ligna</strong></span> <span class='ocrx_word' id='word_1_253' title='bbox 329 3056 474 3133; x_wconf 83' lang='lat' dir='ltr'><strong>rotunda,</strong></span> <span class='ocrx_word' id='word_1_254' title='bbox 496 3076 572 3137; x_wconf 81' lang='lat' dir='ltr'><strong>quae</strong></span> <span class='ocrx_word' id='word_1_255' title='bbox 588 3053 727 3118; x_wconf 87' lang='lat' dir='ltr'><strong>nectibus</strong></span> <span class='ocrx_word' id='word_1_256' title='bbox 744 3051 955 3127; x_wconf 68' lang='lat' dir='ltr'><strong>auersabantur,</strong></span> <span class='ocrx_word' id='word_1_257' title='bbox 980 3048 1058 3131; x_wconf 84' lang='lat' dir='ltr'><strong>quod</strong></span> <span class='ocrx_word' id='word_1_258' title='bbox 1073 3056 1196 3131; x_wconf 83' lang='lat' dir='ltr'><strong>apparet</strong></span> 
     </span>
     <span class='ocr_line' id='line_1_30' title="bbox 68 3145 1194 3240; baseline -0.007 -21"><span class='ocrx_word' id='word_1_259' title='bbox 68 3174 103 3219; x_wconf 85' lang='lat' dir='ltr'><strong>ex</strong></span> <span class='ocrx_word' id='word_1_260' title='bbox 114 3152 245 3220; x_wconf 87' lang='lat' dir='ltr'><strong>Vilrnu.</strong></span> <span class='ocrx_word' id='word_1_261' title='bbox 264 3154 290 3235; x_wconf 90' lang='lat' dir='ltr'><strong>l,</strong></span> <span class='ocrx_word' id='word_1_262' title='bbox 313 3157 345 3233; x_wconf 91' lang='lat' dir='ltr'><strong>l,</strong></span> <span class='ocrx_word' id='word_1_263' title='bbox 363 3156 396 3221; x_wconf 90' lang='lat'><strong>8.</strong></span> <span class='ocrx_word' id='word_1_264' title='bbox 419 3153 464 3236; x_wconf 86' lang='lat' dir='ltr'><strong>X,</strong></span> <span class='ocrx_word' id='word_1_265' title='bbox 480 3156 514 3235; x_wconf 79' lang='lat'><strong>2,</strong></span> <span class='ocrx_word' id='word_1_266' title='bbox 537 3157 560 3220; x_wconf 82' lang='lat'>2</span> <span class='ocrx_word' id='word_1_267' title='bbox 578 3156 740 3240; x_wconf 79' lang='lat' dir='ltr'><strong>multisque</strong></span> <span class='ocrx_word' id='word_1_268' title='bbox 753 3156 822 3220; x_wconf 81' lang='lat' dir='ltr'><strong>aliis</strong></span> <span class='ocrx_word' id='word_1_269' title='bbox 837 3156 903 3218; x_wconf 86' lang='lat' dir='ltr'><strong>eius</strong></span> <span class='ocrx_word' id='word_1_270' title='bbox 918 3152 986 3217; x_wconf 91' lang='lat' dir='ltr'><strong>libri</strong></span> <span class='ocrx_word' id='word_1_271' title='bbox 1000 3150 1089 3215; x_wconf 78' lang='lat' dir='ltr'><strong>loeis.</strong></span> <span class='ocrx_word' id='word_1_272' title='bbox 1113 3145 1194 3213; x_wconf 87' lang='lat' dir='ltr'><strong>Idem</strong></span> 
     </span>
     <span class='ocr_line' id='line_1_31' title="bbox 68 3251 1196 3344; baseline -0.007 -23"><span class='ocrx_word' id='word_1_273' title='bbox 68 3259 217 3333; x_wconf 80' lang='lat' dir='ltr'><strong>nendum,</strong></span> <span class='ocrx_word' id='word_1_274' title='bbox 243 3260 322 3341; x_wconf 91' lang='lat' dir='ltr'><strong>quod</strong></span> <span class='ocrx_word' id='word_1_275' title='bbox 342 3259 390 3323; x_wconf 89' lang='lat' dir='ltr'><strong>bie</strong></span> <span class='ocrx_word' id='word_1_276' title='bbox 409 3261 486 3344; x_wconf 88' lang='lat' dir='ltr'><strong>apud</strong></span> <span class='ocrx_word' id='word_1_277' title='bbox 501 3255 665 3324; x_wconf 77' lang='lat' dir='ltr'><strong>Caesarem</strong></span> <span class='ocrx_word' id='word_1_278' title='bbox 689 3259 835 3333; x_wconf 87' lang='lat' dir='ltr'><strong>uidimus,</strong></span> <span class='ocrx_word' id='word_1_279' title='bbox 859 3256 935 3342; x_wconf 88' lang='lat' dir='ltr'><strong>apud</strong></span> <span class='ocrx_word' id='word_1_280' title='bbox 953 3251 1100 3319; x_wconf 86' lang='lat' dir='ltr'><strong>Catonem</strong></span> <span class='ocrx_word' id='word_1_281' title='bbox 1123 3274 1196 3333; x_wconf 84' lang='lat' dir='ltr'><strong>quo-</strong></span> 
     </span>
     <span class='ocr_line' id='line_1_32' title="bbox 69 3358 971 3442; baseline -0.007 -14"><span class='ocrx_word' id='word_1_282' title='bbox 69 3380 117 3442; x_wconf 76' lang='lat' dir='ltr'><strong>qne</strong></span> <span class='ocrx_word' id='word_1_283' title='bbox 132 3364 173 3427; x_wconf 90' lang='lat' dir='ltr'><strong>de</strong></span> <span class='ocrx_word' id='word_1_284' title='bbox 188 3382 225 3425; x_wconf 87' lang='lat' dir='ltr'><strong>re</strong></span> <span class='ocrx_word' id='word_1_285' title='bbox 241 3371 320 3425; x_wconf 87' lang='lat' dir='ltr'><strong>rust.</strong></span> <span class='ocrx_word' id='word_1_286' title='bbox 336 3358 381 3427; x_wconf 76' lang='lat'><strong>68</strong></span> <span class='ocrx_word' id='word_1_287' title='bbox 395 3373 476 3427; x_wconf 84' lang='lat' dir='ltr'><strong>recte</strong></span> <span class='ocrx_word' id='word_1_288' title='bbox 492 3361 605 3427; x_wconf 87' lang='lat' dir='ltr'><strong>criticis</strong></span> <span class='ocrx_word' id='word_1_289' title='bbox 622 3361 784 3425; x_wconf 88' lang='lat' dir='ltr'><strong>tollendum</strong></span> <span class='ocrx_word' id='word_1_290' title='bbox 800 3362 897 3424; x_wconf 83' lang='lat' dir='ltr'><strong>nisum</strong></span> <span class='ocrx_word' id='word_1_291' title='bbox 913 3372 971 3423; x_wconf 85' lang='lat' dir='ltr'><strong>est.</strong></span> 
     </span>
    </p>

    <p class='ocr_par' dir='ltr' id='par_1_3' title="bbox 72 3462 1203 4169">
     <span class='ocr_line' id='line_1_33' title="bbox 145 3462 1198 3549; baseline -0.011 -20"><span class='ocrx_word' id='word_1_292' title='bbox 145 3462 261 3529; x_wconf 85' lang='lat' dir='ltr'><strong>Eined.</strong></span> <span class='ocrx_word' id='word_1_293' title='bbox 279 3486 309 3527; x_wconf 90' lang='lat' dir='ltr'><strong>c.</strong></span> <span class='ocrx_word' id='word_1_294' title='bbox 325 3463 379 3541; x_wconf 79' lang='lat' dir='ltr'><strong>tu,</strong></span> <span class='ocrx_word' id='word_1_295' title='bbox 397 3464 417 3529; x_wconf 96' lang='grc'><strong>5</strong></span> <span class='ocrx_word' id='word_1_296' title='bbox 433 3466 507 3529; x_wconf 87' lang='lat' dir='ltr'><strong>baec</strong></span> <span class='ocrx_word' id='word_1_297' title='bbox 522 3466 554 3528; x_wconf 93' lang='lat' dir='ltr'><strong>in</strong></span> <span class='ocrx_word' id='word_1_298' title='bbox 570 3464 656 3528; x_wconf 86' lang='lat' dir='ltr'><strong>codd.</strong></span> <span class='ocrx_word' id='word_1_299' title='bbox 675 3464 832 3549; x_wconf 79' lang='lat' dir='ltr'><strong>leguntur:</strong></span> <span class='ocrx_word' id='word_1_300' title='bbox 858 3462 939 3527; x_wconf 87' lang='lat' dir='ltr'><strong>‘Hoc</strong></span> <span class='ocrx_word' id='word_1_301' title='bbox 953 3462 1091 3527; x_wconf 80' lang='lat' dir='ltr'><strong>contecto</strong></span> <span class='ocrx_word' id='word_1_302' title='bbox 1104 3476 1198 3537; x_wconf 81' lang='lat' dir='ltr'><strong>nego-</strong></span> 
     </span>
     <span class='ocr_line' id='line_1_34' title="bbox 72 3562 1198 3649; baseline -0.011 -19"><span class='ocrx_word' id='word_1_303' title='bbox 72 3565 105 3631; x_wconf 86' lang='lat' dir='ltr'><strong>tio</strong></span> <span class='ocrx_word' id='word_1_304' title='bbox 119 3564 162 3631; x_wconf 84' lang='lat' dir='ltr'><strong>b.</strong></span> <span class='ocrx_word' id='word_1_305' title='bbox 181 3566 324 3633; x_wconf 84' lang='lat' dir='ltr'><strong>Laelium</strong></span> <span class='ocrx_word' id='word_1_306' title='bbox 339 3568 377 3633; x_wconf 85' lang='lat' dir='ltr'><strong>ab</strong></span> <span class='ocrx_word' id='word_1_307' title='bbox 391 3566 529 3633; x_wconf 83' lang='lat' dir='ltr'><strong>Asintiea</strong></span> <span class='ocrx_word' id='word_1_308' title='bbox 545 3569 641 3633; x_wconf 87' lang='lat' dir='ltr'><strong>elasee</strong></span> <span class='ocrx_word' id='word_1_309' title='bbox 656 3566 813 3631; x_wconf 79' lang='lat' dir='ltr'><strong>abductum</strong></span> <span class='ocrx_word' id='word_1_310' title='bbox 829 3565 961 3649; x_wconf 83' lang='lat' dir='ltr'><strong>reliquit,</strong></span> <span class='ocrx_word' id='word_1_311' title='bbox 984 3562 1034 3648; x_wconf 91' lang='lat' dir='ltr'><strong>qui</strong></span> <span class='ocrx_word' id='word_1_312' title='bbox 1050 3577 1198 3624; x_wconf 87' lang='lat' dir='ltr'><strong>commea·</strong></span> 
     </span>
     <span class='ocr_line' id='line_1_35' title="bbox 72 3656 1199 3755; baseline -0.013 -22"><span class='ocrx_word' id='word_1_313' title='bbox 72 3678 113 3733; x_wconf 81' lang='lat' dir='ltr'><strong>tus</strong></span> <span class='ocrx_word' id='word_1_314' title='bbox 129 3666 252 3735; x_wconf 83' lang='lat' dir='ltr'><strong>Bullide</strong></span> <span class='ocrx_word' id='word_1_315' title='bbox 267 3680 359 3753; x_wconf 82' lang='lat' dir='ltr'><strong>atque</strong></span> <span class='ocrx_word' id='word_1_316' title='bbox 376 3668 515 3737; x_wconf 75' lang='lat' dir='ltr'><strong>Amantia</strong></span> <span class='ocrx_word' id='word_1_317' title='bbox 536 3670 691 3755; x_wconf 89' lang='lat' dir='ltr'><strong>importari</strong></span> <span class='ocrx_word' id='word_1_318' title='bbox 712 3669 743 3733; x_wconf 90' lang='lat' dir='ltr'><strong>in</strong></span> <span class='ocrx_word' id='word_1_319' title='bbox 757 3668 895 3753; x_wconf 90' lang='lat' dir='ltr'><strong>oppidum</strong></span> <span class='ocrx_word' id='word_1_320' title='bbox 912 3662 1108 3751; x_wconf 84' lang='lat' dir='ltr'><strong>prohibebat’.</strong></span> <span class='ocrx_word' id='word_1_321' title='bbox 1138 3656 1199 3722; x_wconf 89' lang='lat' dir='ltr'><strong>Sed</strong></span> 
     </span>
     <span class='ocr_line' id='line_1_36' title="bbox 73 3760 1200 3855; baseline -0.012 -20"><span class='ocrx_word' id='word_1_322' title='bbox 73 3768 236 3837; x_wconf 70' lang='lat' dir='ltr'><strong>obaelios</strong></span> <span class='ocrx_word' id='word_1_323' title='bbox 250 3772 312 3837; x_wconf 85' lang='lat' dir='ltr'><strong>iam</strong></span> <span class='ocrx_word' id='word_1_324' title='bbox 328 3784 511 3841; x_wconf 80' lang='lat' dir='ltr'><strong>commeatur</strong></span> <span class='ocrx_word' id='word_1_325' title='bbox 528 3772 652 3841; x_wconf 85' lang='lat' dir='ltr'><strong>Oricum</strong></span> <span class='ocrx_word' id='word_1_326' title='bbox 667 3771 823 3855; x_wconf 88' lang='lat' dir='ltr'><strong>importari</strong></span> <span class='ocrx_word' id='word_1_327' title='bbox 839 3770 1052 3854; x_wconf 80' lang='lat' dir='ltr'><strong>prohibuisset,</strong></span> <span class='ocrx_word' id='word_1_328' title='bbox 1078 3784 1138 3827; x_wconf 92' lang='lat' dir='ltr'><strong>non</strong></span> <span class='ocrx_word' id='word_1_329' title='bbox 1153 3760 1200 3824; x_wconf 92' lang='lat' dir='ltr'><strong>in·</strong></span> 
     </span>
     <span class='ocr_line' id='line_1_37' title="bbox 75 3862 1201 3963; baseline -0.012 -26"><span class='ocrx_word' id='word_1_330' title='bbox 75 3874 239 3961; x_wconf 76' lang='lat' dir='ltr'><strong>tellegitm,</strong></span> <span class='ocrx_word' id='word_1_331' title='bbox 261 3896 318 3939; x_wconf 91' lang='lat' dir='ltr'><strong>eur</strong></span> <span class='ocrx_word' id='word_1_332' title='bbox 339 3897 407 3940; x_wconf 90' lang='lat' dir='ltr'><strong>eom</strong></span> <span class='ocrx_word' id='word_1_333' title='bbox 421 3875 583 3963; x_wconf 78' lang='lat' dir='ltr'><strong>Pompeius</strong></span> <span class='ocrx_word' id='word_1_334' title='bbox 606 3875 642 3940; x_wconf 88' lang='lat' dir='ltr'><strong>ab</strong></span> <span class='ocrx_word' id='word_1_335' title='bbox 657 3872 794 3937; x_wconf 75' lang='lat' dir='ltr'><strong>Asiatica</strong></span> <span class='ocrx_word' id='word_1_336' title='bbox 817 3874 915 3937; x_wconf 87' lang='lat' dir='ltr'><strong>classe</strong></span> <span class='ocrx_word' id='word_1_337' title='bbox 938 3872 1098 3934; x_wconf 82' lang='lat' dir='ltr'><strong>abductum</strong></span> <span class='ocrx_word' id='word_1_338' title='bbox 1114 3862 1201 3929; x_wconf 81' lang='lat' dir='ltr'><strong>Orici</strong></span> 
     </span>
     <span class='ocr_line' id='line_1_38' title="bbox 75 3968 1203 4068; baseline -0.015 -27"><span class='ocrx_word' id='word_1_339' title='bbox 75 3976 227 4062; x_wconf 74' lang='lat' dir='ltr'><strong>reliquisse</strong></span> <span class='ocrx_word' id='word_1_340' title='bbox 243 3978 376 4045; x_wconf 84' lang='lat' dir='ltr'><strong>dicatur.</strong></span> <span class='ocrx_word' id='word_1_341' title='bbox 399 3980 546 4068; x_wconf 81' lang='lat' dir='ltr'><strong>Apertum</strong></span> <span class='ocrx_word' id='word_1_342' title='bbox 562 3990 608 4043; x_wconf 87' lang='lat' dir='ltr'><strong>est</strong></span> <span class='ocrx_word' id='word_1_343' title='bbox 624 3998 692 4042; x_wconf 90' lang='lat' dir='ltr'><strong>enm</strong></span> <span class='ocrx_word' id='word_1_344' title='bbox 706 3976 844 4039; x_wconf 85' lang='lat' dir='ltr'><strong>relictum</strong></span> <span class='ocrx_word' id='word_1_345' title='bbox 860 3996 940 4050; x_wconf 87' lang='lat' dir='ltr'><strong>esse,</strong></span> <span class='ocrx_word' id='word_1_346' title='bbox 957 3984 992 4037; x_wconf 96' lang='lat' dir='ltr'><strong>ut</strong></span> <span class='ocrx_word' id='word_1_347' title='bbox 1005 3983 1067 4035; x_wconf 89' lang='lat' dir='ltr'><strong>tum</strong></span> <span class='ocrx_word' id='word_1_348' title='bbox 1084 3968 1203 4029; x_wconf 89' lang='lat' dir='ltr'><strong>demum</strong></span> 
     </span>
     <span class='ocr_line' id='line_1_39' title="bbox 77 4071 1201 4169; baseline -0.019 -26"><span class='ocrx_word' id='word_1_349' title='bbox 77 4084 420 4169; x_wconf 85' lang='lat' dir='ltr'><strong>commeatneimportari</strong></span> <span class='ocrx_word' id='word_1_350' title='bbox 428 4084 610 4169; x_wconf 87' lang='lat' dir='ltr'><strong>prohiberet.</strong></span> <span class='ocrx_word' id='word_1_351' title='bbox 620 4077 725 4163; x_wconf 87' lang='lat' dir='ltr'><strong>ltaque</strong></span> <span class='ocrx_word' id='word_1_352' title='bbox 735 4078 911 4164; x_wconf 85' lang='lat' dir='ltr'><strong>‘probibeat&#39;</strong></span> <span class='ocrx_word' id='word_1_353' title='bbox 918 4071 1112 4140; x_wconf 82' lang='lat' dir='ltr'><strong>scribendum</strong></span> <span class='ocrx_word' id='word_1_354' title='bbox 1122 4074 1201 4127; x_wconf 87' lang='lat' dir='ltr'><strong>crat.</strong></span> 
     </span>
    </p>
   </div>
   <div class='ocr_carea' id='block_1_3' title="bbox 78 4170 1206 4273">
    <p class='ocr_par' dir='ltr' id='par_1_4' title="bbox 78 4170 1206 4273">
     <span class='ocr_line' id='line_1_40' title="bbox 78 4170 1206 4273; baseline -0.013 -27"><span class='ocrx_word' id='word_1_355' title='bbox 78 4178 309 4252; x_wconf 79' lang='lat' dir='ltr'><strong>Coniunctinum</strong></span> <span class='ocrx_word' id='word_1_356' title='bbox 324 4178 869 4273; x_wconf 79' lang='lat' dir='ltr'><strong>praecendctemporieCaennretiam</strong></span> <span class='ocrx_word' id='word_1_357' title='bbox 884 4179 914 4243; x_wconf 94' lang='lat' dir='ltr'><strong>b.</strong></span> <span class='ocrx_word' id='word_1_358' title='bbox 926 4170 1206 4249; x_wconf 78' lang='lat' dir='ltr'><strong>1.c.2uexu.per-</strong></span> 
     </span>
    </p>
   </div>
   <div class='ocr_carea' id='block_1_4' title="bbox 0 0 1362 5124">
    <p class='ocr_par' dir='ltr' id='par_1_5' title="bbox 0 0 1362 5124">
     <span class='ocr_line' id='line_1_41' title="bbox 0 0 1362 5124; baseline 0 0"><span class='ocrx_word' id='word_1_359' title='bbox 0 0 1362 5124; x_wconf 95' lang='lat' dir='ltr'><strong> </strong></span> 
     </span>
    </p>
   </div>
  </div>
 </body>
</html>
