2646 5124
399 118 864 187 consauciata-au.
1186 131 1248 195 37,

74 295 134 360 hellu'
157 303 331 374 tantamque
356 292 492 355 omnihus
516 295 703 357 uoluntatum
728 298 988 361 commutationem
1013 301 1132 376 attulit,
1158 314 1190 365 ut

67 409 188 485 praeter
201 394 347 460 Haeduos
362 406 392 459 et
406 394 533 474 Remos,
551 418 625 479 quos
642 398 801 483 praecipuo
817 420 935 483 semper
951 397 1190 467 honorcCaesar

63 500 189 579 hahuit,
212 500 328 565 alteros
350 518 405 583 pro
427 508 530 563 uetere
552 520 588 563 ac
611 511 756 584 perpetua
779 521 852 585 erga
867 503 1003 587 populum
1018 502 1188 569 Romanurn

60 604 131 681 fide,
149 604 266 669 alteros
282 622 337 687 pro
351 600 523 666 recentibus
539 598 648 665 Gallici
664 603 733 667 belli
750 604 874 681 olhciis,
899 607 980 669 nulla
1003 608 1065 673 lere
1080 608 1189 673 ciuitas

26 720 43 771 t
62 707 157 773 luerit
172 726 235 769 uon
250 714 391 787 suspecta
405 704 504 767 nohis.
543 700 637 787 quue
652 707 727 769 adeo
744 707 820 769 haud
837 706 901 769 seio
916 709 1121 774 mirandumne
1135 712 1186 790 sit,
1203 709 1224 775 5

145 806 353 891 compluribus
368 806 435 870 aliis
451 806 487 869 de
502 805 615 883 causis,
634 810 843 887 tunimaximc‚
862 812 938 892 qnod
955 812 994 887 ei,
1012 814 1061 894 qui
1078 813 1190 877 uirtute

59 910 134 977 helli
149 908 291 974 omnihus
306 909 448 991 gentihus
470 909 738 991 praeferebantur,
765 923 878 975 tantum
900 934 934 977 se
957 915 1022 977 cius
1044 914 1191 999 opinionis

61 1012 289 1099 deperdidisse,
307 1021 341 1074 ut
355 1032 372 1073 a
389 1012 498 1095 populo
512 1010 650 1075 Romano
666 1014 791 1097 imperia
808 1018 996 1099 perlerrent,
1014 1018 1192 1101 grauissime

61 1114 221 1181 dulehaut.
259 1112 392 1179 Treueri
414 1133 489 1177 uero
503 1124 593 1195 atque
606 1110 831 1180 indutiomarus
849 1118 940 1181 totius
957 1119 1062 1182 hiemis
1079 1120 1190 1184 nullum
1205 1119 1249 1189 55

9 1228 42 1283 lt
63 1230 185 1305 tempus
199 1216 440 1293 intermiserunt,
457 1216 528 1299 quia
544 1227 628 1279 trans
644 1215 783 1281 Rhenum
800 1221 916 1305 legatos
933 1222 1100 1299 mitterent,
1118 1222 1193 1286 ciui·

63 1330 148 1387 tates
161 1319 380 1395 sollicitarent,
397 1320 539 1403 pecunias
554 1319 785 1403 pollicerentur,
812 1344 920 1407 magna
936 1335 1021 1407 parte
1037 1324 1192 1389 exercitus

64 1422 168 1487 nostri
180 1422 342 1486 interfecta
356 1421 449 1485 multo
464 1422 610 1486 minorem
625 1443 787 1507 superesse
802 1424 938 1489 dicerent
953 1438 1078 1510 purtem.
1125 1424 1190 1491 Nc·
1206 1428 1229 1491 2

63 1546 123 1609 que
140 1534 240 1590 tamen
253 1522 306 1589 ulli
322 1522 440 1588 ciuitati
456 1522 672 1589 Germanorum
689 1526 862 1610 persuaderi
878 1530 985 1612 potuit,
1003 1539 1036 1591 ut
1051 1527 1191 1593 Rhenum

66 1628 227 1705 transiret,
243 1648 309 1691 oum
324 1646 359 1691 se
374 1626 421 1691 his
435 1638 579 1711 expertos
594 1628 741 1706 dicerent,
758 1629 905 1695 Ariouisti
922 1631 999 1695 hello
1015 1642 1046 1695 ct
1059 1630 1190 1696 Tencte-

9 1738 42 1795 lt
65 1750 174 1795 rorum
189 1730 334 1794 transitu:
353 1751 413 1794 nou
429 1750 499 1793 esse
514 1729 639 1813 amplius
656 1734 806 1795 lortuuam
822 1744 1029 1816 temptaturus.
1057 1731 1122 1797 Rae
1137 1754 1190 1819 spe
1205 1732 1226 1799 3

66 1832 178 1915 lapsus
190 1826 407 1896 Indutiomarus
423 1832 516 1896 nihilo
531 1832 630 1896 miuus
646 1835 749 1917 copias
765 1854 888 1916 cogere,
906 1855 1065 1907 exercere,
1092 1835 1191 1897 alini-

66 1934 168 1997 tumls
183 1952 275 2017 equos
288 1954 410 2019 parere,
427 1934 536 1999 exules
552 1935 767 2018 damnatosque
782 1946 845 1999 tota
860 1934 959 1999 Gallia
975 1936 1091 2018 magnis
1106 1956 1193 2017 prae·

64 2036 139 2101 niis
156 2035 195 2099 ad
210 2056 245 2101 se
259 2036 376 2101 allicere
391 2037 502 2123 coepit.
541 2036 589 2101 Ao
604 2049 718 2103 tautam
734 2038 790 2104 sihi
805 2040 864 2103 iam
879 2040 925 2103 his
940 2039 1032 2103 relius
1048 2038 1078 2101 in
1095 2034 1229 2100 Gallina

65 2138 282 2205 auctoritatem
296 2152 533 2225 comparantem,
550 2153 582 2205 nt
598 2143 728 2226 undique
744 2143 781 2206 ad
797 2164 863 2207 eum
880 2142 1047 2225 legationes
1066 2160 1195 2203 concur·

10 2249 45 2307 Ι
64 2250 190 2320 arent,
222 2242 352 2327 gratiam
381 2253 470 2327 atque
492 2246 653 2310 amicitiam
676 2246 791 2329 publice
814 2246 1011 2329 priuatimque
1042 2252 1191 2327 peterent.

66 2340 132 2411 vni
144 2343 299 2411 insederit
312 2346 392 2410 ultro
407 2347 444 2411 ad
460 2368 493 2412 se
507 2348 623 2426 ueniri,
648 2350 744 2413 altero
759 2370 800 2412 ex
816 2360 902 2433 parte
917 2346 1056 2413 Senones
1072 2344 1191 2411 Carun-
1204 2344 1249 2416 50

66 2448 371 2533 tespueeonseieutia
387 2450 528 2515 laciuoris
543 2450 693 2535 instigari,
711 2453 808 2516 altera
815 2450 951 2517 Neruios
958 2452 1192 2533 Aduatucosque

64 2548 179 2617 hedum
194 2548 343 2616 Romanis
358 2573 481 2635 parare,
507 2574 603 2637 neque
625 2555 682 2619 sihi
705 2556 940 2621 uoluntariorum
956 2556 1058 2641 copias
1074 2555 1190 2632 delore,

65 2652 152 2719 alex
167 2652 279 2717 lluihus
294 2654 359 2719 suis
374 2658 512 2741 progredi
529 2658 697 2739 coepisset,
724 2671 870 2722 armatum
892 2659 1050 2722 concilium
1073 2658 1189 2721 indicit.

13 2762 47 2823 fl
66 2752 135 2821 Rue
149 2776 237 2823 more
252 2754 408 2823 Gallorum
433 2770 481 2825 est
500 2760 618 2823 initium
632 2759 721 2823 belli:
746 2782 805 2842 qno
827 2760 894 2842 lege
915 2759 1066 2823 communi
1088 2777 1192 2821 onnes
1207 2756 1229 2819 2

66 2858 198 2945 puheres
212 2860 321 2925 armati
336 2862 499 2928 conuenire
514 2872 717 2940 consuerunt;
743 2861 795 2945 qui
817 2880 858 2925 ex
872 2862 910 2925 iis
924 2858 1107 2923 nouissimus
1122 2878 1194 2921 cou-

67 3118 132 3171 tent
144 3117 170 3170 B
182 3118 260 3171 ‘sisa
269 3118 415 3187 plerique’,
430 3120 493 3173 helli
507 3121 638 3174 inlereutli
651 3120 690 3185 (s)
702 3136 730 3171 n.
835 3120 848 3173 1
863 3113 1026 3183 tantamque]
1038 3122 1159 3182 tanquam
1168 3115 1193 3167 h.

180 3196 299 3249 omnihus
312 3200 475 3250 uoluntatum
487 3201 514 3249 A
520 3197 570 3265 (B)
581 3201 603 3251 C
615 3200 792 3263 (uoluntatem
812 3203 839 3248 et
858 3198 1019 3265 uoluptatem
1033 3199 1061 3244 o'n
1074 3194 1140 3244 aliis
1153 3196 1195 3244 a'n·

69 3276 149 3325 uenit
160 3272 254 3339 orn),
270 3276 382 3327 omnium
395 3276 539 3329 uoluntatis
552 3292 569 3327 u
578 3278 592 3327 h
600 3294 634 3328 ee
645 3277 827 3329 Floduardraa.
968 3274 1193 3325 commutationum

68 3352 108 3417 A,
122 3354 405 3422 unautlonenquc
417 3355 454 3407 D.
559 3358 576 3410 2
589 3355 691 3406 Reduos
704 3355 888 3407 Flodoardue,
993 3355 1010 3405 l
1022 3352 1118 3405 Gallici
1131 3352 1194 3403 helll

69 3430 117 3498 (R)
131 3434 206 3485 ‘susm
221 3432 332 3497 omnes¹,
347 3434 411 3485 belli
424 3432 520 3486 Gallici
532 3434 714 3487 Flodourdas.
864 3434 880 3485 fi
895 3434 961 3500 quod
975 3432 1010 3495 el,
1023 3432 1067 3497 qui
1080 3431 1104 3481 B
1116 3436 1145 3479 et
1154 3434 1196 3480 eie

72 3508 131 3559 ‘aad
140 3508 166 3561 hl
177 3510 227 3561 oet
236 3509 268 3571 ii,
281 3510 326 3577 qui
337 3510 464 3575 reliqui'p
478 3511 545 3577 quod
559 3510 603 3576 qui
617 3510 709 3562 dede.
815 3511 832 3563 8
844 3526 859 3561 a
872 3510 966 3577 populo
980 3508 1092 3561 Romano
1105 3506 1194 3559 Alth

72 3590 220 3653 emam
229 3601 284 3652 pro
297 3600 324 3650 a,
339 3587 479 3655 C,·popnli
493 3586 735 3640 RomanleAldus.
840 3586 978 3639 d'l'reueri
992 3587 1025 3636 tt.
1130 3598 1195 3633 uero

73 3666 164 3717 nauh
271 3662 464 3717 ludatiomsrus
477 3664 534 3731 (B),
549 3664 743 3717 luduciomarus
757 3682 783 3717 ιι.
896 3666 928 3718 ll)
941 3664 1039 3715 Renum
1052 3662 1086 3714 B.

74 3739 102 3795 ll
116 3756 210 3809 nana
222 3756 257 3795 ex
268 3750 344 3809 parte
358 3742 388 3795 C.
498 3742 530 3795 ll
543 3741 762 3794 Thiuetherorum
773 3742 835 3794 Bet
846 3746 887 3794 sa'c
898 3745 949 3793 aut
962 3738 1195 3791 ‘Teneatherorum

76 3822 136 3871 cett.
146 3819 224 3873 suaa!
330 3822 362 3873 15
376 3823 576 3888 temptaturosB
588 3827 616 3872 st
626 3825 668 3874 sic
679 3822 725 3872 ael
738 3829 882 3872 tentaturos
896 3838 909 3872 e
922 3826 949 3871 et
962 3819 1065 3885 reteque·
1070 3855 1078 3881 ,
1093 3824 1197 3869 tenton-

79 3894 132 3947 dan
142 3897 214 3948 ste.
320 3912 352 3949 sc
364 3914 411 3965 spe
423 3898 457 3951 B.
564 3900 596 3951 ld
609 3897 798 3951 lndutiomarus
812 3899 869 3965 (B),
883 3898 1079 3949 induciomarus
1092 3910 1120 3947 a.

83 3973 208 4041 euenere]
221 3988 335 4027 exarare
346 3976 382 4027 1).
488 3976 612 4027 finitumis
624 3978 691 4030 An.
819 3976 850 4029 ts
863 3977 903 4025 his
916 3975 941 4026 B
952 3975 1012 4027 edd.
1022 3978 1148 4042 priores,
1163 3973 1196 4021 its

85 4048 304 4106 hamsocne.
408 4055 442 4110 22
454 4054 582 4119 instigare
593 4057 651 4108 Ae.
755 4055 957 4113 thiudinitte.
1062 4052 1196 4109 toiuitara

87 4122 171 4179 tntu·
181 4130 218 4183 D.
325 4132 392 4199 quud
406 4131 464 4197 lese
478 4133 524 4184 he.
628 4132 662 4188 tt
671 4133 784 4201 puberes
797 4132 891 4185 armati
904 4149 932 4195 s,
947 4132 1057 4199 puberes
1069 4126 1197 4181 etsrmati

92 4200 187 4257 Μαι.
200 4206 253 4260 ta'.
376 4212 548 4274 consuerunt]
559 4218 687 4275 scantur
699 4226 723 4262 e.
845 4208 970 4261 conuealt
980 4206 1067 4260 Aac
1081 4206 1107 4259 ‘l
1119 4201 1194 4269 atae,
