2646 5124
403 662 545 734 COblbl.
561 663 718 735 lllCAl‘.
735 664 890 734 lib—62.
1200 605 1295 739 ’tut

112 860 153 909 ea
174 839 340 905 domestico
361 837 472 904 iudicio
492 849 581 923 atque
601 839 691 905 animi
707 839 891 903 conscientia
906 840 1132 928 intellegebant.
1164 841 1271 926 Quod

111 945 225 1031 pudore
240 942 361 1008 adducti
377 953 408 1006 et
422 942 552 1008 insusse
567 962 627 1006 nou
642 962 677 1007 se
692 941 826 1021 liberari,
845 943 898 1007 sed
914 944 943 1007 in
960 945 1040 1009 abad
1056 956 1171 1031 tempus
1185 966 1235 1012 re·

113 1046 232 1113 seruari
253 1044 393 1111 arbitrati
416 1044 570 1109 discedere
592 1065 610 1109 a
633 1043 720 1109 uobis
742 1056 773 1108 et
793 1064 901 1108 nouam
924 1056 1068 1132 temptare
1084 1049 1233 1113 fortunam

114 1168 268 1233 nouasque
289 1147 438 1212 amicitias
460 1147 593 1232 experiri
617 1148 849 1212 constituerunt.
881 1145 924 1211 Et
944 1170 1011 1212 cum
1027 1151 1130 1234 paucis
1143 1151 1272 1216 collo-b

76 1264 95 1316 tt
115 1251 179 1317 eati
199 1248 356 1315 clientibus
378 1250 460 1329 suis,
483 1249 589 1332 quibus
610 1258 727 1313 tautum
744 1250 859 1313 lacinus
874 1250 1061 1316 committere
1074 1253 1237 1334 audebant,

115 1355 240 1441 primu
255 1352 356 1417 conati
378 1363 451 1417 sont
471 1353 654 1437 praelectum
678 1352 809 1435 equitum
841 1348 880 1415 C.
906 1350 1093 1418 Volusenum
1122 1355 1237 1420 iuterll·
1284 1338 1295 1359 ⁶

113 1476 196 1536 cere,
214 1468 249 1521 ut
262 1466 367 1543 postea
381 1455 459 1521 bello
474 1455 613 1519 conlecto
628 1453 781 1537 cognitum
798 1464 856 1532 est,
868 1466 900 1518 ut
915 1476 982 1520 cum
996 1476 1122 1521 munere
1137 1456 1237 1541 aliquo

117 1559 287 1645 perlugisse
302 1559 339 1623 ad
356 1554 526 1642 Pompeiam
543 1556 736 1635 uiderenturp
761 1566 917 1640 pequam
932 1556 961 1620 id
976 1556 1124 1623 didicilius
1137 1559 1237 1626 uisum
1252 1560 1273 1626 5

117 1671 185 1739 est,
209 1681 307 1744 neque
322 1660 448 1725 incultas
463 1658 634 1744 perficiendi
650 1658 795 1736 dabatur,
812 1679 898 1741 quam
914 1659 1062 1726 maximas
1077 1672 1240 1747 potuerant

67 1772 95 1827 ta
118 1762 261 1849 pecunias
276 1762 413 1839 mutuati,
423 1761 547 1847 proinde
562 1782 598 1825 ae
612 1761 676 1826 sais
691 1761 868 1825 satisfacere
884 1772 914 1826 ct
929 1762 1064 1828 insudate
1077 1764 1240 1830 restituere

117 1864 251 1940 aebeat,
275 1863 377 1929 maltis
399 1864 544 1950 coemptis
559 1863 645 1946 equis
659 1865 697 1927 ad
712 1859 889 1948 Pompeium
904 1866 1089 1929 transierunt
1104 1886 1169 1931 cum
1184 1867 1235 1947 iis,

118 1988 192 2051 quos
207 1966 254 2031 sui
269 1966 388 2033 consilii
404 1966 566 2053 participes
583 1967 741 2031 babebaut.
766 1965 853 2050 Quos
869 1964 1041 2051 Pompeius,
1058 1969 1137 2052 quod
1152 1981 1238 2034 eraut
1254 1968 1294 2041 dl

118 2068 244 2135 lunesto
266 2070 335 2135 loco
363 2071 428 2135 uati
450 2080 482 2134 et
502 2069 643 2134 instructi
666 2070 832 2134 liberaliter
853 2089 1021 2154 magnoque
1044 2071 1186 2135 comitatu
1208 2083 1239 2137 et

118 2174 219 2237 multis
239 2172 383 2237 iumentis
406 2183 554 2237 uenerant
574 2172 691 2256 uirique
711 2174 806 2236 fortes
828 2170 1015 2236 habebantur
1036 2183 1067 2236 et
1080 2172 1112 2236 iu
1124 2173 1238 2239 bonore

67 2286 96 2341 ts
115 2277 191 2360 apud
202 2272 367 2340 Caesarem
385 2275 514 2353 fueraut,
531 2276 669 2359 quodque
684 2295 795 2338 nouum
811 2285 843 2338 et
857 2284 977 2359 praeter
991 2276 1238 2341 cousuetudinem

117 2376 281 2451 acciderat,
298 2377 397 2441 omnia
410 2396 465 2441 aua
480 2378 629 2463 praesidia
644 2377 846 2442 circumduxit
859 2388 947 2461 atque
962 2377 1137 2441 ostentauit.
1158 2376 1238 2443 Nam
1253 2379 1276 2443 2

118 2490 191 2544 ante
212 2478 242 2542 id
257 2489 374 2563 tempus
388 2499 476 2545 neruo
488 2492 540 2545 sut
554 2481 640 2546 miles
655 2489 708 2546 aut
721 2500 814 2564 eques
829 2501 848 2544 a
863 2475 997 2545 Caesare
1013 2480 1048 2543 ad
1064 2476 1240 2563 Pompeium

118 2582 295 2660 meierat,
306 2602 372 2645 eum
388 2603 482 2667 paene
496 2584 607 2649 cotidie
621 2606 639 2648 a
651 2582 793 2668 Pompeio
807 2583 845 2647 ad
853 2579 1017 2648 Caesarem
1031 2583 1237 2667 peringereut,

116 2684 209 2769 uulgo
232 2704 306 2748 uero
328 2685 461 2752 uniuersi
484 2686 517 2750 in
531 2684 627 2771 Epiro
643 2697 732 2770 atque
747 2685 869 2750 Aetolia
885 2684 1048 2769 conscripti
1062 2684 1174 2749 milites
1188 2707 1240 2751 ea·

67 2796 97 2853 tn
117 2806 243 2871 mque
264 2788 421 2872 regionum
442 2789 594 2864 omniurn,
617 2809 694 2872 quae
716 2784 885 2854 aCacsare
907 2788 1100 2853 tenebantur.
1132 2782 1194 2852 Sed
1210 2787 1275 2854 bid

120 2889 248 2973 cognitis
269 2890 408 2956 omuibus
432 2892 543 2969 rebus,
567 2913 624 2958 seu
638 2894 708 2976 quid
723 2893 753 2957 iu
769 2890 983 2956 munitionibus
1000 2893 1162 2976 perlectum
1179 2913 1241 2957 uou

119 3002 206 3071 erat,
229 3012 285 3057 seu
307 2994 377 3076 quid
400 3014 417 3057 a
441 2993 634 3080 peritioribus
656 2995 700 3061 rei
723 2995 860 3059 militaris
883 2994 1046 3058 desiderari
1069 2993 1238 3075 uidebatur,

120 3094 364 3181 temporibusque
386 3116 488 3161 rerum
510 3108 542 3161 et
556 3098 662 3183 spatiis
676 3099 832 3177 locorum,
856 3098 1058 3162 custodiarum
1074 3097 1158 3160 uaria
1175 3097 1242 3161 dili·

120 3197 224 3283 geatia
238 3197 459 3278 animaduersa,
474 3209 562 3284 prout
576 3201 717 3286 cuiusque
734 3222 851 3277 eorum,
862 3200 910 3283 qui
927 3199 1057 3279 negotiis
1067 3210 1240 3281 praeerant,

67 3308 97 3365 tt
118 3311 173 3365 attt
186 3310 295 3366 natura
309 3311 360 3366 aut
374 3302 504 3367 studium
521 3303 656 3382 ferebat,
681 3305 755 3369 baec
771 3304 808 3366 ad
823 3300 995 3385 Pompeium
1012 3298 1112 3363 omnia
1128 3300 1244 3365 detule-

118 3412 203 3468 runt.
234 3399 352 3484 Quibus
374 3405 426 3471 illc
450 3407 578 3492 coguitis
593 3407 821 3490 eruptionisque
835 3404 894 3466 iam
911 3412 981 3465 aute
996 3410 1085 3484 capto
1101 3401 1239 3481 consilio,
1254 3403 1300 3474 112

120 3514 156 3569 ιι
169 3504 404 3571 demonstratum
420 3517 478 3586 est,
498 3510 661 3594 tegimenta
676 3508 771 3592 galeis
788 3505 895 3569 milites
912 3525 953 3568 ex
969 3501 1127 3566 uimiuibus
1143 3505 1243 3570 lacere

119 3616 210 3690 atquc
233 3629 374 3693 aggerem
397 3611 478 3674 iubet
493 3623 693 3696 comportare.
728 3609 784 3673 llis
800 3609 914 3692 paratis
930 3605 1018 3670 rebus
1035 3628 1172 3690 maguum
1189 3607 1280 3672 ιιι-2

119 3728 236 3774 merum
250 3710 325 3777 leuis
340 3723 510 3778 armaturae
525 3724 556 3779 et
570 3713 793 3798 sagittariorum
809 3730 1010 3794 aggeremque
1023 3729 1140 3774 omnem
1153 3723 1244 3777 noctu

67 3820 97 3874 tu
118 3810 152 3875 in
173 3812 299 3897 scaphas
322 3826 353 3879 et
374 3836 469 3880 naues
490 3818 642 3881 actuarias
658 3815 773 3900 inponit
788 3816 870 3879 etde
885 3814 981 3878 media
998 3824 1085 3878 nocte
1101 3814 1243 3881 cobortes

120 3922 169 3978 Lx
189 3933 230 3979 ex
245 3917 386 3982 maximis
401 3920 510 3984 cestris
527 3919 742 4004 praesidiisque
758 3919 899 3983 deductas
915 3917 952 3980 ad
968 3937 1033 3981 eam
1049 3929 1163 4002 partem
1179 3941 1244 3983 mu-

118 4014 268 4082 nitiuuum
290 4021 388 4099 ducit,
414 4043 491 4104 quac
513 4022 702 4107 pertinebant
717 4023 753 4087 ad
769 4043 852 4087 mare
866 4019 1100 4106 longissimeque
1115 4043 1132 4085 n
1148 4023 1245 4086 maxi·

228 4211 371 4265 itinerare
384 4229 411 4264 u.
573 4214 732 4265 laminitiaa
745 4214 860 4282 experiri
872 4228 899 4277 o,
915 4211 1029 4278 experiri
1042 4210 1172 4262 amleitias
1184 4214 1245 4264 edd.

229 4292 369 4344 collocatis
381 4308 409 4343 u.
515 4291 530 4344 d
543 4291 701 4345 interfecere
714 4299 779 4344 nnis
791 4308 862 4345 corr.
877 4307 904 4341 a.
1018 4288 1035 4339 8
1049 4288 1153 4340 lucillus
1167 4293 1208 4343 ab
1221 4299 1249 4343 et

119 4380 158 4417 ιιι.
168 4380 216 4433 pr.
230 4382 254 4418 c.
363 4369 394 4421 ltl
407 4369 516 4436 prolude
531 4367 650 4431 ‘omnes',
666 4371 774 4438 perinde
787 4370 841 4436 (ι).
948 4365 977 4417 11
992 4381 1050 4417 ιιι
1061 4366 1138 4417 biso.

122 4443 155 4495 ti
168 4440 277 4495 luennt
291 4445 366 4495 ‘ensa
380 4444 415 4497 ι’.
523 4446 555 4497 lb
564 4450 630 4512 post
642 4446 771 4513 praesidia
784 4448 885 4512 repetit
894 4457 976 4493 suaa.
1084 4444 1114 4495 18
1122 4458 1188 4510 pena
1197 4448 1247 4502 tn).

231 4524 266 4575 2⁰
279 4524 321 4574 ιιι
332 4538 360 4574 u.
465 4524 499 4575 ta
512 4525 687 4576 custodiarum
700 4538 759 4590 ego,
775 4524 800 4575 iu
814 4522 991 4576 custodiarum
1003 4521 1108 4582 abcd‚·
1121 4529 1149 4571 et
1161 4530 1247 4571 custo·

122 4596 227 4650 diarum
240 4616 267 4650 u.
374 4599 444 4651 uiris
455 4600 532 4664 abd,
545 4601 588 4651 uir
599 4616 687 4652 nuceto
699 4603 790 4668 spatio
803 4602 958 4665 excipiente
970 4614 994 4648 a.
1099 4599 1133 4651 25
1147 4596 1249 4645 detule-

123 4684 185 4728 raut
196 4692 214 4727 a
230 4678 304 4728 ‘men
316 4676 444 4744 plerique
455 4684 484 4728 et
495 4678 678 4729 steinsiicras'.
784 4676 819 4729 28
832 4676 905 4727 iubet
917 4680 1080 4741 eoutportnre
1091 4690 1118 4737 s,
1132 4690 1250 4741 courpon·

122 4755 340 4808 tarelubctedd.
465 4757 660 4824 comparatisb.
788 4755 821 4808 30
834 4754 934 4822 inponit
945 4767 973 4802 u·
1077 4752 1108 4804 31
1124 4750 1168 4818 es]
1183 4759 1210 4803 et
1221 4768 1249 4805 c.

1033 4833 1099 4900 38*
