2646 5124
504 546 808 613 ...58-

94 730 155 783 tur.
186 716 269 783 Sane
291 718 321 783 id
344 720 386 785 ite
407 718 444 782 ah
468 718 522 781 hae
544 738 579 781 rc
593 718 724 783 alienum
739 730 806 797 est,
830 727 865 783 nt
878 716 970 783 mirer
983 712 1218 787 Schneidewin

94 832 223 887 mentem
241 820 373 885 uenisse.
414 819 585 905 Simplicius
601 822 732 887 dixisset
746 822 825 887 bello
839 832 946 885 contra
960 820 1157 887 Ariouistum
1168 844 1217 907 ge·

93 926 187 989 reudo
203 922 345 989 Haeduos
368 946 428 988 nou
449 924 559 987 urereri
582 925 618 987 dc
640 923 807 1003 Romanis,
831 924 884 989 aed
906 922 1063 988 Romanos
1087 924 1127 989 de
1141 922 1217 993 llae-

94 1027 179 1105 duis,
204 1028 253 1111 qui
269 1027 413 1090 auxilium
428 1027 466 1090 ah
481 1027 541 1093 illis
563 1027 815 1111 imploraueraat‚
839 1037 874 1089 ut
888 1025 1036 1091 Ariouisti
1052 1028 1172 1093 iniuriis
1184 1028 1218 1095 li·

92 1130 283 1195 herarcutur.
311 1128 414 1195 Nihilo
431 1131 529 1195 minus
545 1141 626 1195 rectc
643 1129 759 1197 llaedui
775 1130 886 1215 optime
901 1140 1052 1195 merentea
1066 1131 1216 1195 dicuntur.

92 1230 202 1315 Neque
216 1234 294 1297 enim
312 1234 391 1297 lacto
406 1235 503 1297 solum
519 1233 594 1299 hene
609 1233 720 1299 mereri
735 1234 817 1313 licet,
834 1232 1006 1311 sedetiam,
1024 1233 1074 1297 uhi
1090 1234 1157 1299 eius
1170 1254 1219 1299 cc·

93 1336 141 1421 pia
157 1336 273 1415 delicit,
298 1338 398 1401 auimo
417 1348 449 1403 ct
465 1338 631 1401 uoluntate.
663 1334 716 1401 Cf.
733 1332 801 1401 Cic.
819 1357 873 1420 pro
887 1332 994 1400 Plane.
1010 1332 1073 1414 33,
1090 1333 1137 1401 80
1152 1336 1218 1420 ‘qni

93 1449 164 1503 aunt
178 1439 248 1505 honi
264 1440 364 1519 ciues,
382 1441 431 1524 qui
448 1440 534 1519 belli,
556 1441 606 1525 qui
622 1440 699 1504 domi
716 1439 753 1503 de
769 1440 864 1523 patria
880 1439 957 1505 hene
972 1448 1145 1519 merentes,
1162 1440 1218 1505 nisi

93 1543 144 1625 qai
159 1544 273 1627 patriae
287 1544 433 1608 beneficia
448 1544 684 1608 memineruutl'
700 1540 736 1607 ln
751 1542 998 1626 inscriptionibus
1012 1552 1115 1605 antem
1131 1542 1218 1609 et'nn

93 1656 227 1711 momuos
242 1646 319 1711 hene
333 1656 483 1710 merentes
499 1646 556 1709 dici
573 1656 675 1709 uotum
696 1656 754 1709 est.

179 1744 218 1813 C.
236 1746 290 1825 51,
310 1746 326 1809 l
343 1749 374 1811 iu
391 1748 436 1812 his
452 1748 571 1812 uerbis:
597 1745 765 1813 ‘Postridie
787 1748 853 1811 eius
867 1746 928 1813 diei
942 1742 1061 1811 Caesar
1074 1746 1219 1833 praesiti-

94 1870 142 1913 um
159 1851 292 1933 utrisque
307 1850 437 1927 castris,
462 1852 538 1934 quod
561 1852 635 1915 satis
659 1871 726 1915 esse
747 1851 844 1915 uisum
860 1860 927 1924 cst,
947 1850 1091 1933 reliquit,
1115 1872 1218 1917 omnes

94 1950 206 2017 alarios
222 1953 253 2017 iu
268 1965 432 2037 conspectu
448 1954 576 2018 hostium
594 1975 648 2039 pro
663 1953 771 2019 castris
787 1954 952 2019 minorihus
966 1952 1146 2033 constitnit,
1161 1974 1219 2037 qno

93 2054 192 2119 miuus
208 2057 395 2121 multitudine
418 2057 545 2122 militum
560 2058 795 2144 legionariorum
811 2078 865 2141 pro
880 2056 1009 2121 hostium
1024 2076 1152 2121 nomem
1167 2078 1219 2121 ua·

95 2156 193 2235 lebat,
220 2169 253 2222 ut
274 2159 310 2223 ad
335 2160 467 2244 speciem
491 2159 594 2225 alariis
616 2162 785 2237 uteretur'‚
802 2160 943 2242 frequens
959 2158 1047 2223 codd.
1065 2158 1217 2239 mendam,

93 2260 170 2343 quod
187 2272 270 2327 recte
283 2262 342 2327 iam
359 2264 524 2329 sustulerat
533 2260 702 2341 licentius,
719 2262 761 2327 ita
777 2270 811 2325 ut
827 2261 917 2345 ‘quud
931 2260 1041 2325 minna'
1056 2260 1217 2340 scriheret,

93 2363 213 2427 reduxit
226 2360 442 2431 Sclureiderus.
466 2364 616 2431 Nimirum
633 2367 691 2430 iam
704 2363 935 2450 Oudendorpius
950 2385 987 2428 eo
1002 2362 1131 2429 artilicic
1146 2384 1219 2429 nsua

93 2478 171 2545 erat,
189 2479 222 2532 ut
237 2470 329 2533 uerba
348 2476 417 2552 ‘quo
433 2470 546 2533 miuus’
563 2469 721 2535 relercuda
737 2468 854 2533 dic'erct
868 2468 906 2531 ad
921 2467 1018 2531 altera
1035 2474 1092 2530 ‘eo
1108 2467 1218 2551 megia'

93 2572 298 2655 superioribus
322 2573 505 2657 cogitatione
527 2573 694 2637 adicienda.
740 2568 801 2634 Scd
825 2592 862 2633 co
884 2570 980 2653 magis
1004 2569 1135 2651 aliquam
1155 2590 1218 2635 rent

93 2674 176 2751 heri,
201 2697 260 2757 quo
281 2678 377 2741 minus
393 2678 490 2741 altera
505 2677 575 2753 liat,
602 2686 663 2737 tum
679 2675 796 2739 demum
812 2684 895 2736 recte
912 2672 969 2737 dici
984 2682 1130 2755 apparet,
1152 2692 1218 2736 cnm

93 2776 216 2841 nerhum
233 2780 437 2861 gradationem
453 2779 570 2861 recipit.
615 2774 769 2843 Constitui
784 2789 882 2839 autem
898 2795 994 2857 neque
1009 2774 1106 2859 magis
1121 2794 1218 2857 neom

94 2879 192 2943 minus
208 2882 364 2963 quicquam
381 2893 489 2965 potest.
522 2878 628 2963 ltaque
643 2881 799 2944 dicendum
822 2878 930 2943 luisset
959 2885 1015 2942 ‘eo
1038 2878 1140 2961 plures
1155 2878 1219 2941 ala·

93 2981 156 3045 rios
172 2984 348 3061 constituite
366 3007 423 3067 quc
439 2985 566 3061 minus'‚
590 2984 667 3066 quod
690 2993 789 3046 tamen
814 2981 862 3045 hic
884 2982 972 3066 plane
995 2980 1126 3045 alienum
1148 2990 1216 3044 esta

92 3104 196 3151 omues
212 3087 289 3149 enim
306 3088 417 3153 olarios
427 3082 546 3151 Caesar
560 3086 769 3151 constituerat.
788 3083 831 3149 Et
845 3105 884 3149 nc
900 3085 966 3167 quis
981 3083 1088 3148 melius
1103 3103 1140 3147 se
1154 3102 1218 3147 rear

93 3185 203 3253 hahere
220 3188 384 3269 existimet,
402 3212 468 3254 cum
484 3190 632 3255 sententia
646 3190 689 3252 ita
704 3190 927 3252 coulormetur:
952 3193 1004 3251 ‘ut
1019 3208 1055 3249 co
1070 3185 1168 3270 magis
1180 3186 1219 3251 ad

92 3293 222 3377 speciem
238 3295 341 3360 alariis
357 3305 505 3372 uteretur,
523 3294 717 3377 quominus,
735 3312 796 3355 uon
811 3312 865 3375 pro
880 3290 1017 3373 portione
1032 3288 1158 3353 alterins
1173 3288 1220 3353 rei

92 3397 259 3479 augebatur
273 3399 407 3482 species,
433 3399 486 3461 sed
502 3396 674 3459 constitutis
690 3395 807 3458 demum
824 3393 927 3457 alariis
943 3391 1123 3469 aeneadas,
1148 3412 1218 3455 cuna

93 3506 183 3561 antea
198 3519 257 3562 uon
274 3502 391 3566 luisset.
428 3498 527 3563 llecte
548 3498 643 3582 igitur
656 3495 814 3561 Manutius
837 3517 957 3561 caumas
977 3516 994 3560 a
1017 3490 1153 3559 Caesare
1175 3494 1219 3559 ai-

92 3597 260 3680 guihcatam
277 3622 344 3665 esse
359 3601 517 3665 iudicauit.
533 3598 616 3663 Idem
631 3601 770 3663 ruendum
787 3610 835 3663 est
849 3599 879 3662 h.
898 3599 956 3662 ciu.
968 3594 1026 3676 ΠΙ,
1044 3596 1099 3675 58,
1114 3595 1137 3660 4
1154 3604 1219 3660 ‘eo-

92 3698 240 3784 gehantur
254 3696 392 3785 Corcyra
413 3714 503 3785 atque
518 3702 692 3767 Acarnania
715 3701 852 3786 pabulum
875 3712 1070 3786 supportare,
1098 3718 1220 3783 qucum

92 3812 159 3867 erat
173 3802 238 3867 eius
253 3804 299 3867 rei
313 3805 412 3869 minor
423 3806 520 3887 copia,
538 3806 650 3869 hordeo
666 3807 841 3888 adaugere',
858 3805 908 3868 uhi
923 3806 994 3868 item
1007 3801 1144 3886 gradatio
1156 3822 1219 3866 non

91 3905 258 3989 adaugendi
274 3907 385 3979 uerbo,
407 3909 459 3972 sed
482 3909 585 3973 hordei
608 3930 731 3973 numero
748 3908 900 3972 conuenit.
947 3902 1010 3970 Sed
1032 3904 1089 3969 hoc
1110 3904 1219 3969 iamin

91 4004 183 4073 Leid.
200 4031 263 4073 seo.
281 4011 467 4075 emendatum
483 4023 565 4077 erat:
584 4012 710 4075 eorund.
729 4032 837 4074 comm.
854 4008 881 4089 l,
899 4009 954 4087 52,
970 4008 992 4071 4
1006 4028 1062 4070 nor
1078 4007 1219 4070 correxi·

92 4132 158 4176 mus
184 4112 373 4179 ‘ciuitatibus
396 4152 456 4193 —-,
481 4117 558 4198 quod
575 4116 673 4179 minor
688 4125 755 4177 crat
770 4114 911 4177 frumeuti
928 4112 1030 4195 copia,
1055 4129 1146 4194 pecus
1161 4109 1219 4171 im·

91 4212 236 4298 perabat’.
268 4216 356 4300 Apud
372 4216 455 4281 llirt.
472 4218 503 4282 h.
522 4216 601 4282 Gall.
621 4214 708 4294 vtlt,
725 4214 758 4293 9,
776 4216 795 4279 4
811 4227 896 4280 recte
911 4217 1011 4279 editur
1027 4214 1127 4278 ‘alter’
1152 4216 1220 4293 (cr-

92 4314 162 4393 do),
187 4317 255 4399 ‘qni
271 4320 391 4403 propior
405 4321 521 4384 hostem
536 4322 568 4385 iu
584 4321 648 4405 ipso
664 4321 743 4383 uallo
759 4320 922 4383 collocatus
939 4328 1018 4382 esset
1029 4320 1057 4380 'a
1080 4316 1112 4379 iu
1128 4315 1216 4377 codd.

91 4417 132 4481 iti
148 4440 264 4502 quoque
280 4422 424 4504 scriptum
440 4432 488 4486 est
504 4429 574 4507 ‘quo
591 4423 731 4506 propior’.

178 4519 217 4587 C.
236 4521 289 4602 53,
306 4524 328 4587 2
343 4545 383 4587 ex
398 4524 518 4589 Heiusii
534 4530 705 4590 coniectura
722 4525 825 4609 posui:
850 4522 907 4587 ‘lhi
921 4523 1062 4608 perpauci
1078 4532 1131 4585 aut
1145 4521 1219 4585 uiri·

93 4623 147 4687 hus
163 4626 268 4690 conlisi
284 4637 407 4692 tranare
421 4631 641 4693 contenderunt
655 4640 708 4692 aut
722 4628 860 4693 lintribus
876 4628 1007 4692 iuuentis
1019 4626 1077 4690 sihi
1088 4624 1218 4689 salutem
