2646 5124
493 586 817 653 -195-

107 753 166 821 hee
180 760 259 820 laeta
276 764 452 834 narrantur,
476 776 577 839 neque
599 758 724 823 excisae
745 782 764 825 n
784 760 961 843 legionariis
982 781 1141 850 repertae,
1168 794 1228 837 non

105 858 199 925 lieebat
213 859 343 923 alterum
360 860 548 943 participium
565 882 620 943 pro
635 862 786 926 adieetiuo
802 884 933 947 ponere,
958 889 1015 950 qua
1031 892 1090 935 una
1106 874 1226 939 ratione

105 963 262 1049 eapolatiua
278 962 425 1045 porticula
439 973 522 1027 reete
537 963 740 1029 omittebatur.
764 962 798 1028 td
815 970 982 1051 perspexit,
1000 973 1048 1057 qui
1066 981 1110 1037 ‘et
1124 976 1226 1057 proie-

103 1064 313 1149 etis’soripsit,
337 1066 417 1148 quod
438 1065 551 1149 legitur
571 1067 602 1130 in
618 1067 792 1150 quibusdam
816 1069 1015 1137 deterioribus
1037 1076 1121 1138 codd.
1162 1074 1224 1142 Sed

102 1188 158 1233 666
173 1168 328 1253 complura
343 1168 435 1232 uerba
452 1180 521 1254 post
537 1168 673 1233 ‘exelsis'
688 1171 849 1236 interiecta
864 1184 980 1252 essent,
1006 1178 1159 1259 ‘proiectis
1174 1180 1221 1243 iis'

102 1290 201 1355 ponere
216 1270 404 1354 praestabat.

172 1370 260 1455 Quae
275 1396 305 1438 6.
323 1373 366 1439 33
381 1385 465 1439 extr.
482 1374 519 1439 de
534 1375 670 1441 discessu
691 1376 730 1441 ab
744 1375 937 1442 Alexandria
951 1375 1098 1445 Caesaris
1119 1382 1225 1466 legon-

101 1484 158 1539 tar:
181 1473 255 1541 ‘Sie
276 1475 370 1541 rebus
393 1477 531 1543 anninus
555 1479 702 1544 eouleotis
725 1488 758 1543 et
780 1479 935 1545 collocatis
958 1482 1022 1567 ipse
1038 1483 1149 1546 itinere
1164 1494 1224 1549 ter·

100 1578 179 1643 nestri
201 1580 358 1664 prolectas
381 1592 430 1645 est
444 1582 476 1645 in
491 1578 638 1667 Syriam',
656 1582 694 1646 iis
710 1584 865 1647 contraria
880 1605 966 1658 esse,
991 1606 1068 1668 quae
1083 1608 1110 1649 6.
1125 1584 1187 1664 66,
1206 1586 1221 1649 l

101 1680 272 1747 deeiusdem
288 1683 478 1766 proiectione
493 1703 533 1747 ex
549 1678 642 1767 Syria
664 1686 859 1749 referuntur:
887 1685 968 1769 ‘ipse
988 1688 1093 1751 eadem
1109 1688 1221 1763 classe,

100 1795 299 1865 marcuerat,
318 1786 519 1870 prolieiseitur
532 1785 564 1848 in
579 1782 743 1863 Cilieiam’,
762 1783 918 1851 Vsserium
935 1787 1063 1872 (annali.
1081 1810 1111 1851 a.
1123 1788 1222 1871 3957)

99 1898 209 1950 seculus
240 1889 413 1973 posteriore
441 1888 508 1951 loeo
542 1890 659 1952 notauit
692 1887 837 1953 dionisius
875 1909 999 1972 eamque
1030 1892 1219 1957 manifestam

98 1984 180 2054 Hirtii
202 1989 471 2075 druveroloyr'os
492 1992 664 2075 appellauit.
702 1989 737 2055 Id
759 1992 847 2076 plane
868 1993 1041 2057 incredibile
1063 2004 1124 2071 est,
1148 1992 1220 2056 flir-

97 2090 172 2169 666,
189 2114 276 2176 quem
292 2094 475 2159 Antioohiae
491 2095 567 2176 apud
583 2089 749 2158 Caesarem
766 2095 858 2159 luisse
873 2116 964 2179 sopra
986 2118 1015 2180 p.
1035 2095 1077 2160 1⁰
1095 2097 1220 2160 demon·

94 2196 198 2272 stram,
219 2218 279 2259 nou
294 2197 388 2261 solum
405 2197 438 2259 in
453 2197 508 2260 tac
524 2217 557 2260 re
572 2216 706 2274 errasse,
730 2199 782 2261 sed
799 2199 889 2261 etiam
905 2199 1002 2261 altero
1017 2201 1084 2263 loeo
1099 2221 1218 2277 uerum,

95 2296 188 2361 altero
202 2298 307 2361 falsum
318 2299 473 2363 retulisse.
498 2296 568 2362 Nos
583 2320 657 2363 uero
673 2299 795 2382 cognito
811 2301 946 2364 codicum
962 2322 1075 2384 genere
1091 2322 1152 2364 666
1166 2302 1219 2364 66-

94 2398 252 2464 bitabimus
260 2401 333 2465 bane
341 2401 573 2484 discrepantiam
582 2402 725 2485 magistro
733 2414 885 2487 acceptam
894 2403 1022 2467 relerre.
1040 2400 1146 2483 ltaque
1155 2422 1221 2465 666

93 2500 330 2589 losepb.antiqq.
342 2501 476 2581 xtv‚8‚
486 2502 519 2580 3,
537 2501 857 2578 utmonuitDauisius‚
875 2500 1040 2569 Caesarem
1056 2506 1087 2567 io
1102 2500 1222 2588 Syriam

90 2604 1066 2705 nauigasserelerat,eundemquenauibusinCiliciamuenisseex
1075 2601 1220 2670 Ciet’tsit.

90 2706 127 2788 ll,
144 2710 197 2789 ll,
214 2708 260 2775 26
274 2720 409 2785 eonstet,
427 2730 453 2771 e.
469 2708 510 2772 33
526 2710 617 2774 uerba
635 2710 757 2774 ‘itinere
769 2709 917 2774 terrestri'
934 2710 1069 2773 eiciendo
1088 2710 1218 2773 luerunt.

167 2808 195 2877 C
225 2810 283 2891 36,
298 2813 318 2876 d
336 2810 411 2875 haee
426 2812 457 2875 in
473 2812 727 2896 coddleguntur:
748 2808 881 2892 ‘Quibus
892 2812 1123 2877 excastrisoum
1134 2813 1219 2876 loeus

88 2928 229 3003 augustus
245 2926 340 2997 atque
356 2914 514 2997 impeditus
529 2924 613 2979 esset
627 2917 842 2989 transeundus,
864 2912 1038 2981 l‘barnaees
1052 2916 1085 2979 in
1100 2915 1219 2980 insidiis

87 3020 215 3087 delectum
232 3018 352 3103 pedites
368 3037 530 3099 omnesque
545 3038 640 3101 paene
655 3018 802 3100 disposuit
817 3019 946 3100 equites,
962 3040 1101 3103 magnam
1117 3029 1217 3082 autem

86 3122 306 3189 multitudinem
329 3120 447 3204 pecoris
468 3119 621 3184 introeas
643 3122 746 3183 lauces
769 3120 908 3205 dissipari
923 3122 1011 3185 iussit
1026 3140 1220 3204 paganosque

86 3234 113 3290 el
129 3225 305 3311 oppidanos
327 3222 360 3287 in
383 3223 421 3285 iis
442 3222 517 3287 loeis
539 3222 717 3299 obuersari,
742 3232 776 3283 nt
790 3222 856 3285 siue
872 3223 986 3285 amiens
1001 3223 1067 3285 siue
1081 3220 1221 3285 inimicus

84 3324 236 3394 Mitius
261 3346 317 3391 eas
340 3326 497 3410 angustias
521 3325 684 3399 transiret,
706 3324 780 3387 nihil
801 3324 838 3386 66
861 3324 979 3387 insidiis
1001 3325 1220 3406 suspicaretur,

83 3452 143 3497 ram
159 3432 196 3495 iu
212 3427 298 3513 agris
313 3439 346 3491 et
361 3449 471 3512 peoora
483 3438 514 3492 et
529 3427 665 3492 homines
675 3426 935 3490 animaduerteret
943 3425 1060 3490 uersari
1072 3436 1221 3507 tamquam

83 3536 250 3600 anioorun
266 3529 410 3605 aduento,
434 3530 513 3595 utin
529 3530 658 3595 lrostium
674 3530 749 3593 lines
766 3531 902 3607 ueniret,
927 3528 1037 3613 praeda
1053 3528 1221 3612 diripienda

84 3636 192 3701 milites
208 3632 435 3716 dissiparentur
448 3633 632 3717 dispersique
648 3631 870 3697 caederentur'.
901 3631 982 3697 Nam
1005 3639 1048 3695 ‘ut
1063 3631 1130 3697 siue
1145 3629 1219 3694 ami-

86 3758 132 3803 em
146 3739 218 3803 siue
233 3736 379 3801 inimious
395 3733 560 3800 Domitius'
580 3735 613 3800 in
628 3735 766 3799 omnibus
782 3736 869 3798 oodd.
891 3736 1034 3820 seriptum
1057 3744 1124 3813 est3
1149 3732 1218 3795 ‘ad·

85 3852 173 3905 uentu
197 3850 232 3903 6ι
253 3838 288 3901 ἰ6
302 3838 432 3902 hostium
448 3837 540 3902 lines'
556 3839 649 3902 estin
666 3836 738 3902 Par.
756 3859 820 3901 seo.
837 3835 926 3901 Laid.
944 3858 990 3923 pr.
1008 3834 1090 3902 Soal.
1108 3834 1218 3911 Voss,

89 3942 139 4009 sisi
153 3943 238 4027 6666
257 3960 326 4005 eum
338 3940 405 4004 aliis
420 3940 507 4003 oodd.
528 3941 696 4005 ‘aduentus'
713 3939 871 4005 exhibent.
894 3938 1006 4003 Editur
1020 3959 1111 4023 supra
1128 3944 1176 4000 ‘ut
1194 3937 1219 3997 si

87 4046 196 4110 amieos
212 4042 383 4109 Domitius'
399 4054 431 4109 et
445 4043 553 4108 deinde
570 4044 629 4107 ‘sin
644 4063 720 4108 uero
741 4054 774 4106 ut
788 4043 819 4106 in
836 4043 964 4107 bostium
981 4044 1057 4105 lines
1072 4036 1220 4112 ueniret',

89 4168 157 4231 quae
189 4166 383 4231 nequaquam
411 4168 453 4212 ex
482 4147 540 4223 iis,
572 4166 650 4230 quse
673 4144 889 4229 supraposui,
922 4141 1116 4227 probabiliter
1146 4137 1223 4202 effici

90 4262 219 4335 apparet.
253 4251 285 4315 A
309 4250 412 4315 uerbis
437 4257 488 4313 ‘ut
509 4249 542 4312 in
572 4248 701 4311 hostium
732 4246 808 4311 lines
836 4246 972 4310 ueniret'
1003 4246 1129 4308 alterum
1153 4258 1223 4303 sen-

92 4354 197 4420 tentiae
225 4364 345 4439 partem
367 4352 502 4437 insipere
524 4351 612 4436 idque
632 4350 674 4415 ibi
702 4349 930 4436 significandum
953 4347 1065 4423 luisse,
1092 4344 1223 4424 itemque

93 4455 176 4521 aerbs
200 4456 290 4521 ‘siue
311 4455 460 4520 inimicus'
475 4473 587 4539 supra,
609 4450 660 4516 ubi
680 4451 712 4515 in
728 4452 815 4517 6666.
832 4452 993 4536 leguntur,
1015 4448 1117 4530 inepta
1140 4460 1221 4517 esse,

94 4574 151 4620 nm
179 4560 287 4624 eadem
319 4559 472 4623 sententia
501 4555 648 4621 extremis
676 4555 779 4620 uerbis
808 4554 998 4628 declaretur,
1029 4546 1224 4611 manifestum

95 4670 145 4723 est.
175 4658 282 4745 ltaque
308 4680 366 4739 ea,
389 4660 511 4746 quaein
527 4659 612 4725 eodd.
628 4658 788 4742 leguntur,
813 4657 855 4719 itu
871 4652 1022 4815 seruqrqlp
1037 4640 1224 4713 existimaui,
