2646 5124
507 119 832 182 —213—

86 301 210 365 rantur,
238 299 311 373 post
329 288 420 351 uerba
445 296 527 351 ‘autc
543 290 680 373 oppidum
696 294 840 355 constitit·
858 296 1047 360 exciderunt.
1083 299 1235 365 l'idcntur

86 406 190 457 autem
208 414 263 465 ea,
281 412 360 475 cquae
377 392 413 453 de
429 386 570 473 Scipione
589 394 685 454 relata
701 406 799 467 eraut,
816 398 881 481 ipsa
896 420 1010 482 quoque
1025 402 1057 464 iu
1073 422 1109 463 ea
1125 402 1231 482 uerba,

86 517 165 579 quac
181 496 280 557 modo
296 493 395 578 posui,
412 492 528 557 desisse
544 514 638 576 eaque
654 516 744 559 causa
759 498 915 564 omittendi
931 502 1035 566 luisse.

176 593 219 661 C.
231 596 293 671 ⁴2,
311 594 484 679 3corrupta
498 607 566 659 sunt
584 597 675 661 haec:
696 602 886 683 ‘praesertim
901 624 968 667 cum
984 604 1095 669 milites
1110 627 1230 671 amane

88 700 148 765 diei
164 699 267 765 ieiuni
283 697 341 762 snb
357 698 449 761 armis
464 698 621 761 stetissent
636 700 811 783 defatigati.
852 702 960 789 Neque
983 706 1062 769 enim
1078 707 1231 791 defatigati

90 804 220 867 stetisse
245 802 306 865 dici
330 811 487 884 poterant,
512 800 560 882 qui
585 811 646 863 tum
668 802 785 865 demum
808 808 915 869 stando
938 819 1045 871 essent
1066 809 1229 892 defatigati.

93 902 301 988 ‘Delatigati'
319 903 448 966 eiciendi
463 913 551 982 suut,
575 926 649 986 quos
671 907 816 988 magister
830 908 939 972 ieiunis
954 909 1158 987 substituere,
1182 921 1234 975 aut

90 1007 217 1071 omniuo
234 1005 421 1090 defatigatos
439 1005 531 1069 luisse
547 1006 657 1069 milites
672 1008 844 1090 significare
860 1009 993 1074 uolebat.

180 1106 275 1173 lnitio
291 1128 321 1171 e.
339 1106 383 1173 43
398 1108 430 1171 in
445 1104 517 1171 Par.
534 1128 598 1171 sec.
617 1109 691 1173 baec
706 1112 865 1193 leguntur=
894 1108 1040 1177 ‘lnterim
1055 1110 1232 1191 Considius,

92 1213 144 1296 qui
160 1212 293 1275 Aciliam
309 1222 343 1273 et
358 1205 450 1273 vlllt
473 1209 613 1275 cohortes
635 1212 848 1297 stipendiarias
868 1212 1010 1281 Numidis
1032 1215 1232 1300 Gaetulisque

94 1312 262 1379 obsidebat'
277 1323 369 1391 cett,
385 1323 475 1395 atque
490 1312 531 1376 ita
547 1324 618 1377 aute
633 1312 789 1379 Dauisium
805 1315 959 1394 edebatur,
978 1318 1036 1382 nisi
1052 1320 1132 1401 quod
1151 1326 1232 1383 ‘octo

98 1418 254 1481 cobortes*
284 1414 488 1501 ponebantur.
524 1412 555 1479 ls
576 1413 646 1479 Pet.
671 1427 703 1480 et
731 1414 833 1481 Nuru.
856 1430 977 1483 secutus
1004 1422 1128 1505 scripsit
1159 1420 1230 1506 ‘qui

97 1520 226 1584 Acillam
243 1515 321 1583 Vlll
337 1516 510 1581 cohortibus
525 1517 728 1602 stipendiariis
744 1556 786 1567 -
801 1519 975 1585 obsidebat'.
1017 1520 1136 1605 Quibus
1152 1526 1230 1608 quod

99 1619 240 1687 Oudend.
256 1618 350 1685 Leid.
367 1641 413 1703 pr.
431 1630 463 1683 et
478 1614 561 1683 Scal.
579 1620 723 1683 accedere
738 1621 856 1699 scribit,
874 1624 904 1686 in
921 1624 1026 1706 quibus
1043 1635 1091 1689 ‘et
1104 1621 1169 1689 lX'
1185 1628 1230 1690 le·

96 1736 204 1809 gutur,
220 1744 284 1787 nou
307 1721 498 1786 ‘cohortibus
513 1722 732 1806 stipendiariis’
748 1723 779 1786 in
795 1724 832 1787 iis
849 1726 936 1787 codd.
954 1726 1107 1791 inuenisse
1124 1728 1231 1791 existi·

100 1826 234 1891 mandus
249 1836 309 1901 est,
324 1824 375 1887 sed
386 1824 438 1889 illa
456 1834 500 1889 ‘et
515 1822 571 1887 lX'
594 1826 705 1907 scripta
721 1824 843 1908 putabat
859 1848 912 1909 pro
928 1839 999 1891 nota
1015 1829 1163 1893 octonarii
1176 1850 1230 1892 nu·

101 1929 180 1993 meri
206 1922 306 2005 ‘llX',
328 1948 382 2009 qua
396 1927 463 2012 ipsc
480 1928 521 1990 uti
544 1927 633 1991 solet.
667 1921 705 1990 C.
723 1924 776 2003 33,
794 1927 814 1990 3
829 1930 957 1993 relatum
974 1943 1022 1993 est
1038 1926 1227 2005 Considium,

101 2054 169 2095 cum
186 2041 257 2095 octo
269 2031 409 2095 cobortes
417 2030 581 2093 obsidendo
590 2029 696 2113 oppido
705 2052 792 2113 pares
807 2053 866 2093 non
884 2032 1050 2111 iudicaret,
1075 2043 1231 2117 praeterea

100 2144 260 2219 equestres
274 2134 375 2217 copias
390 2154 409 2197 a
423 2130 562 2197 Labieno
577 2133 752 2196 adduxisse.
785 2130 889 2217 ltaque
912 2136 997 2197 codd.
1016 2136 1164 2220 scriptura
1185 2134 1229 2199 sic

101 2248 166 2303 erat
179 2238 419 2301 conformandae
445 2235 515 2321 ‘qui
529 2232 657 2297 Acillam
676 2280 725 2297 ...
743 2244 774 2297 et
789 2232 865 2297 l'lll
882 2236 1055 2302 cohortibus
1070 2238 1231 2321 stipendis·

102 2340 155 2405 riis
172 2336 316 2403 Numidis
337 2335 532 2421 Gaetulisque
552 2335 737 2401 obsidebat’.
776 2336 875 2401 Periit
897 2340 976 2403 enim
1000 2343 1129 2425 equitum
1150 2362 1231 2404 conu-

104 2443 291 2509 montio.

182 2542 225 2611 C.
243 2544 302 2624 ⁴5,
317 2543 339 2608 3
354 2546 490 2611 centurio
505 2546 632 2631 legionis
645 2543 848 2611 Caesarianae
864 2560 988 2630 quartae
1000 2551 1144 2629 decimae,
1162 2571 1230 2613 cum

102 2660 204 2735 eaptus
220 2659 308 2713 esset
321 2671 340 2713 a
355 2647 514 2733 Scipione,
537 2651 618 2715 iuter
639 2650 697 2713 alia
713 2649 786 2712 haec
802 2650 890 2727 dicit,
914 2663 947 2715 ut
962 2654 1079 2736 quidem
1096 2653 1127 2715 in
1143 2652 1229 2714 codd.

102 2752 260 2839 leguntur:
288 2736 417 2835 ‘Egone
439 2764 545 2816 contra
568 2746 752 2827 Caesarem,
778 2751 986 2833 imperatorem
1015 2775 1132 2827 meum,
1155 2753 1233 2834 apud

103 2876 186 2939 quem
202 2854 345 2921 ordinem
367 2856 458 2933 duxi,
483 2856 605 2937 eiusque
628 2853 814 2929 exercitum,
839 2875 892 2936 pro
914 2855 998 2917 cuius
1021 2854 1167 2936 dignitate
1189 2853 1235 2915 ui-

93 2960 259 3042 ¹ctoriaque
273 2957 401 3041 amplius
414 2953 560 3021 XXXVI
576 2956 664 3019 aunis
678 2955 858 3039 depugnaui,
875 2956 1024 3019 aduersus
1041 2965 1234 3036 armatusque

102 3058 299 3125 consistaml'
336 3056 480 3141 Quartam
505 3060 651 3124 decimam
673 3058 822 3143 legionem
845 3080 874 3142 p.
900 3057 960 3121 119
983 3058 1069 3123 docui
1092 3078 1171 3121 anno
1192 3054 1234 3120 53

103 3162 306 3247 conscriptam
331 3182 411 3226 esse.
457 3158 519 3225 Sed
541 3162 747 3225 centurionem
771 3162 836 3225 eius
857 3162 986 3243 legionis
1009 3161 1067 3224 iam
1091 3170 1181 3223 autea
1202 3158 1234 3222 in

104 3266 242 3333 exercitu
259 3262 404 3329 Caesaris
420 3264 564 3327 militasse
581 3264 743 3327 uerisimile
765 3276 823 3327 cst.
858 3260 971 3327 Verum
987 3284 1052 3327 cum
1069 3282 1164 3325 amms
1179 3282 1235 3323 nu-

103 3379 219 3447 meret,
245 3367 355 3451 quibus
379 3387 434 3449 pro
457 3367 603 3451 dignitate
625 3363 802 3429 Caesariani
826 3368 979 3431 exercitus
1002 3362 1233 3448 depugnaucrit,

105 3492 160 3535 nen
176 3490 274 3555 posse
297 3489 365 3532 eum
381 3467 459 3531 ultra
473 3488 582 3532 anuum
606 3467 649 3531 58
663 3469 821 3554 progredi,
847 3491 904 3551 quo
920 3466 1038 3534 Cacsar
1060 3467 1090 3529 in
1106 3463 1235 3528 Galliam

103 3574 200 3649 uenit,
218 3582 356 3657 apertum
372 3580 431 3649 est,
449 3583 480 3635 et
495 3572 688 3635 uehementer
702 3582 785 3633 errat
801 3568 1024 3655 Glandorpius,
1041 3568 1091 3650 qui
1107 3586 1237 3629 annosa

104 3687 248 3761 praetura
273 3670 419 3737 Caesaris
442 3673 641 3738 numerandus
671 3672 868 3737 existimauit.
907 3674 950 3737 At
972 3672 1021 3735 nel
1048 3667 1238 3733 exscinde

104 3788 240 3865 tempore
253 3776 311 3839 uix
326 3775 477 3841 dimidium
500 3776 628 3861 spatium
651 3775 809 3837 coulicitur
831 3776 914 3853 eins,
938 3774 1017 3856 quod
1040 3771 1089 3835 bic
1110 3770 1239 3855 positum

104 3894 162 3945 est.
193 3878 302 3963 ltaque
317 3888 471 3942 auctorem
486 3879 529 3941 ita
551 3877 710 3962 scripsisse
725 3877 867 3941 arbitrors
894 3884 960 3961 ‘pro
985 3876 1070 3939 cuius
1091 3872 1239 3955 dignitate

107 3984 294 4067 uictoriaque
309 3982 436 4064 amplius
453 3982 556 4045 tricies
572 3982 665 4046 armis
682 3979 870 4067 depugnaui'.
913 3976 957 4041 lta
975 3978 1003 4041 b.
1021 3977 1115 4041 Alex.
1133 3971 1196 4047 74,
1222 3965 1241 4029 3

105 4084 196 4171 legati
222 4082 393 4149 Pharnacis
415 4084 537 4167 gloriati
559 4106 628 4149 esse
648 4084 788 4148 dicuutur
808 4082 977 4145 exercitum
1006 4080 1070 4142 cius
1094 4072 1190 4137 uicies
1212 4077 1244 4131 el

106 4187 153 4253 bis
167 4190 201 4257 in
214 4188 282 4255 acie
298 4186 486 4255 condixisse.
520 4184 580 4257 llic
596 4208 689 4265 uero,
713 4185 782 4268 quia
799 4182 946 4269 ‘amplius'
962 4180 1111 4249 adicitur,
1139 4170 1244 4255 plenus
