2646 5124
100 747 285 832 antiquiores
299 755 496 824 cunstouter,
520 745 597 828 quod
612 746 725 823 sciam,
750 747 895 811 dixerunt
914 749 1024 833 ‘eoepit
1039 748 1135 829 lieui',
1159 770 1223 815 eum

101 851 157 914 boe
173 826 266 915 umbo
280 870 340 913 non
356 861 389 912 ut
406 849 541 934 passiuo,
568 849 620 912 sed
637 859 670 912 ut
685 850 843 932 deponenti
859 860 1036 915 utereutnrs
1060 852 1109 916 bic
1125 853 1223 917 eaden

101 953 267 1017 constantia
291 952 413 1036 ponitur
432 960 580 1036 ‘coeptum
596 967 644 1016 est
659 951 734 1014 beri’
756 949 824 1031 (69,
841 951 873 1015 3.
897 951 952 1030 78,
969 953 1022 1034 4),
1045 956 1123 1037 quod
1139 953 1223 1019 Liuia

100 1056 248 1120 familiare
272 1063 320 1118 est
341 1049 480 1135 (XXIV,
504 1051 557 1116 47.
580 1051 634 1117 49.
658 1051 767 1133 XXV,
786 1055 839 1119 3⁴.
863 1052 1223 1136 xxvt1,sa.‚xxxt,

98 1157 154 1223 23.
178 1154 352 1235 XXXVll,
370 1154 438 1237 18).
468 1152 507 1218 C.
526 1153 579 1234 10,
596 1154 775 1244 3scriptum
791 1168 855 1220 ests
880 1158 1022 1221 ‘animuum
1039 1160 1119 1223 enim
1135 1160 1223 1225 altum

98 1271 276 1326 stercutum
297 1277 369 1344 prae
384 1279 419 1323 se
433 1257 574 1343 gerebat:
600 1258 668 1322 buic
692 1261 921 1343 requiescebant
936 1261 1103 1338 bumiues’,
1128 1283 1223 1343 quem

100 1364 257 1427 admodum
274 1359 421 1427 Senecam
438 1381 485 1444 ep.
503 1357 561 1439 ΠΙ,
585 1360 605 1425 3
620 1360 692 1445 (24)
708 1363 750 1425 in.
769 1373 799 1426 et
814 1359 992 1426 Suetonium
1007 1361 1072 1426 Vit.
1093 1362 1131 1425 14
1147 1363 1223 1428 lucu

101 1475 148 1529 tos
171 1487 239 1530 esse
259 1463 391 1529 Forcell.
417 1464 588 1528 auuotauit=
618 1485 686 1527 uam
709 1465 785 1548 apud
814 1464 903 1528 eund.
928 1464 1000 1529 Tib.
1018 1464 1057 1529 3l
1085 1472 1223 1551 ‘negante

99 1590 136 1632 eo
159 1569 325 1634 destinatos
348 1565 543 1649 magistratus
565 1565 673 1630 abesse
696 1579 857 1652 oportere,
881 1577 914 1629 ut
929 1579 1105 1650 praesentes
1121 1569 1223 1635 bonosi

99 1669 332 1754 acquiescereut’
360 1667 534 1731 necessario
555 1664 690 1732 Wolbus
713 1667 837 1733 Boberii
865 1671 1068 1733 coniecturam
1091 1671 1223 1755 probauit

101 1770 334 1837 ‘assuescerent’
352 1769 548 1834 emendantis.
572 1765 633 1834 Sed
641 1772 758 1855 quodb.
769 1773 789 1835 l.
801 1771 886 1849 75,2
901 1770 1223 1856 legitur‘supersedert

100 1894 218 1960 pugnae
239 1870 481 1948 animaduertit,
511 1872 632 1947 dubito,
663 1894 704 1936 au
729 1885 810 1937 recte
832 1872 962 1938 Dauisio
987 1875 1109 1958 ‘pugna'
1130 1878 1223 1942 curm·

100 1978 226 2062 gendum
249 1976 347 2039 uisum
370 1974 422 2037 sit.
454 1971 615 2037 Particulis
633 1975 731 2058 ‘que',
759 1975 811 2039 ‘et’
829 1976 885 2040 sibi
901 1978 1152 2059 respondentibus
1167 1981 1223 2044 dno

98 2079 244 2144 uocabula
268 2096 466 2162 componere,
492 2088 525 2140 ut
548 2077 579 2141 b.
602 2080 624 2143 l.
641 2077 695 2154 72,
720 2077 740 2141 4
763 2079 965 2164 ‘speciemque
984 2087 1014 2141 el
1031 2077 1181 2144 uirtutem’
1197 2093 1223 2146 et

97 2181 152 2259 93,
170 2179 190 2245 3
214 2189 319 2263 ‘seque
334 2190 367 2243 et
380 2200 436 2243 sua
452 2179 553 2243 omnia
569 2190 600 2243 et
614 2180 762 2264 oppidum’
778 2182 924 2264 legimus,
949 2202 1008 2243 uon
1027 2192 1075 2244 est
1095 2202 1137 2246 ex
1152 2204 1223 2248 cun·

99 2283 257 2351 suetudine
280 2278 460 2354 Ciceronis,
484 2277 649 2360 Caesaris,
675 2280 786 2359 Hirtii,
818 2284 869 2346 sed
895 2280 994 2347 Plauti
1019 2280 1156 2366 (Captiu.
1183 2283 1223 2364 11,

96 2386 136 2462 2,
159 2384 236 2470 63),
261 2384 401 2449 Terentii
417 2382 514 2465 (Eun.
533 2380 573 2461 V,
590 2383 628 2458 2,
646 2383 699 2447 37.
731 2383 828 2448 Andr.
847 2383 904 2462 lv,
923 2383 954 2461 1,
972 2384 1024 2448 53.
1051 2385 1179 2471 Adelpb.
1198 2385 1223 2465 1,

98 2490 130 2568 1,
148 2488 222 2569 39),
248 2485 385 2551 Sallustii
400 2483 481 2568 (lug.
499 2483 553 2548 26.
571 2483 625 2547 55.
642 2485 695 2550 76.
714 2485 767 2551 89.
784 2487 853 2571 91),
879 2486 960 2551 Liuii
977 2486 1149 2567 (xxxtn,
1170 2488 1223 2556 19.

96 2588 241 2670 XXXV,
265 2590 318 2655 41.
342 2585 499 2662 XXXVI,
524 2585 590 2669 19).
629 2587 709 2654 Nam
737 2590 812 2673 quod
836 2613 884 2675 ap.
910 2587 1002 2655 Caes.
1027 2590 1056 2654 b.
1080 2594 1140 2655 ciu.
1164 2591 1223 2672 111,

98 2691 162 2757 109
184 2706 264 2757 extr.
287 2694 345 2756 duo
368 2691 523 2755 enuntiata
543 2691 585 2754 ita
609 2704 844 2775 componunturr
877 2702 1086 2778 ‘magnamque
1108 2697 1224 2778 regium

98 2815 207 2858 nomen
237 2796 313 2880 apud
341 2815 413 2857 suos
438 2794 645 2857 auctoritatem
674 2794 784 2858 babere
805 2797 985 2861 existimans
1009 2808 1039 2861 et
1062 2809 1096 2860 nt
1115 2797 1223 2882 potius¹

98 2905 171 2959 cett.
197 2917 215 2961 a
237 2896 451 2960 consuetudine
476 2896 606 2959 omnium
630 2896 790 2971 abhorret,
816 2909 957 2981 recteque
977 2900 1170 2965 Vascosanus
1193 2912 1223 2966 el

97 2999 148 3062 alii
170 3000 299 3083 priorem
324 2999 458 3085 copulam
482 2998 667 3062 deleuerant.
707 2997 898 3083 Partioipium
922 3003 1015 3065 loturi
1036 3003 1065 3065 in
1088 3004 1149 3066 bue
1172 3005 1223 3069 de

96 3103 243 3186 signando
266 3104 393 3188 positum
416 3113 464 3165 est
478 3101 526 3165 bic
541 3098 595 3178 25,
612 3102 634 3165 4
659 3101 738 3164 ‘dum
753 3103 829 3166 alios
845 3104 1000 3168 adiuturus
1015 3104 1223 3189 proficiscitur'

97 3215 129 3269 et
142 3205 198 3285 65,
223 3206 243 3271 3
265 3205 474 3269 ‘insidiaturus
493 3204 567 3268 loeis
590 3203 682 3268 certis
704 3204 867 3284 consedit'‚
892 3208 970 3288 quod
993 3228 1051 3271 non
1074 3218 1146 3271 ante
1168 3206 1223 3273 Li·

95 3309 176 3373 uium
199 3309 263 3372 lieri
280 3327 443 3380 consuesse
459 3308 777 3392 grammatici-docent.
808 3305 999 3390 Frequenter
1013 3310 1042 3371 iu
1059 3311 1223 3376 enuntiatis

94 3411 228 3476 relatiuis
249 3411 570 3495 plusquamperfectum
594 3411 721 3493 positum
738 3420 803 3487 est,
828 3410 878 3473 ubi
901 3412 1105 3495 imperfectum
1121 3413 1223 3496 requi·

94 3505 367 3591 relatumuttt,
388 3514 417 3575 1.
449 3511 552 3590 31,1.
583 3508 636 3588 34,
654 3511 687 3575 4.
719 3510 772 3574 43.
803 3512 907 3591 44,1.
939 3513 994 3592 75,
1011 3512 1044 3576 3.
1074 3513 1164 3592 89,1
1189 3526 1222 3580 et

95 3611 212 3675 adiecta
227 3613 369 3696 temporis
385 3610 664 3695 significationem,
680 3616 703 3678 2
720 3614 767 3677 ‘ad
781 3615 918 3699 oppidum
935 3615 1098 3680 Tbisdram
1114 3637 1223 3701 perue-

95 3713 160 3793 nit,
184 3713 215 3777 in
238 3734 295 3796 quo
316 3708 478 3777 Considius
500 3715 604 3800 perid
628 3728 743 3800 tempus
759 3716 886 3795 luerat’,
910 3716 1003 3796 88,3
1027 3719 1141 3782 ‘liberis
1156 3720 1223 3784 suis

92 3812 134 3879 b.
160 3811 307 3894 Caesari,
341 3815 389 3897 qui
418 3825 480 3880 tum
511 3817 540 3881 ei
570 3839 623 3903 pro
653 3828 812 3901 quaestore
843 3823 957 3898 luerat,
982 3822 1222 3903 commendatis’,

94 3914 148 3994 89,
165 3917 187 3980 2
210 3914 264 3997 *9.
281 3915 425 4002 Ligario,
450 3914 489 3982 C.
508 3910 652 3984 Considio
668 3921 740 3999 lulio,
766 3921 888 4003 quitum
905 3923 947 3987 ibi
966 3925 1104 4001 lucrant,
1129 3925 1222 3990 uitam

94 4018 266 4082 concessit'.
306 4018 374 4084 Hoc
404 4021 441 4085 ab
471 4021 508 4087 iis
529 4023 745 4108 scriptoribus,
775 4025 825 4107 qui
848 4038 991 4089 accurate
1013 4037 1045 4091 et
1066 4027 1223 4109 eleganter

93 4120 297 4205 scripserunt,
322 4143 446 4206 perraro
467 4126 575 4189 laetum
598 4137 656 4191 est.
688 4121 831 4193 Caesaris
854 4140 886 4193 et
899 4128 993 4194 llirtii
1014 4130 1152 4212 exempla
1168 4150 1223 4213 pn·

93 4221 155 4284 suit
171 4217 373 4288 Schneiderns
388 4248 418 4310 p.
437 4225 511 4303 135,
529 4248 571 4291 ex
586 4229 691 4311 quibus
707 4241 807 4294 tamen
824 4232 897 4294 baec
912 4243 1028 4294 tantum
1042 4241 1111 4314 apta
1127 4243 1219 4296 sunta

92 4322 124 4385 b.
149 4320 228 4385 Gall.
260 4320 303 4403 ll,
334 4323 367 4405 6,
397 4327 420 4390 4
450 4326 560 4393 ‘locius
582 4329 719 4411 Remus,
748 4334 880 4416 quitum
904 4335 1010 4418 oppido
1033 4335 1219 4416 praefuerat,

90 4425 227 4503 nuntium
249 4427 288 4489 ad
303 4423 466 4493 Caesarem
481 4430 598 4509 mittit',
621 4430 711 4513 Vlll,
734 4432 803 4513 2,1
830 4437 978 4520 ‘adiungit
999 4436 1146 4519 legionem
1161 4458 1220 4501 uu·

92 4526 256 4605 decimam,
280 4549 357 4612 quae
378 4530 515 4614 proxima
538 4533 664 4611 brerat',
689 4534 743 4615 54,
767 4534 787 4599 3
811 4539 956 4622 ‘quintam
980 4538 1135 4604 deeimam’
1158 4540 1218 4620 (lc-

90 4629 209 4714 gionem
231 4630 338 4713 dicit),
364 4639 463 4716 ‘quam
485 4635 516 4701 in
541 4634 642 4702 Gallio
662 4638 802 4706 citeriore
826 4640 989 4721 babuerat,
1014 4663 1056 4708 ex
1076 4653 1217 4707 senatus·
