2646 5124
505 573 808 639 -ῃ-

113 749 215 831 peracit,
238 749 312 812 item
328 745 453 831 optimis
467 746 692 811 insternsndum
707 746 919 812 uestimentis’.
948 745 1103 815 Particula
1120 759 1223 836 ‘quot'

108 850 218 914 niiecto
232 850 429 914 coniunctius
445 870 499 933 pro
514 852 684 915 accusation
700 872 766 914 cum
782 850 931 915 infinitiuo
946 852 1045 934 posita
1060 866 1108 917 est
1126 854 1181 934 36,
1201 859 1218 923 1

106 950 189 1038 ‘iegati
219 948 422 1017 Carteienses
450 955 680 1027 renuntiarunt,
712 954 789 1037 quot
813 951 989 1039 Pompeium
1015 961 1047 1018 in
1067 970 1219 1041 potestate

99 1054 260 1134 taberent,
284 1055 417 1138 itemque
439 1052 493 1134 10,
510 1055 532 1119 2
556 1068 640 1121 recte
654 1057 788 1120 restituit
803 1053 946 1119 Duuisius
964 1063 1032 1120 ‘suo
1047 1059 1114 1123 loco
1129 1082 1219 1144 prae-

95 1159 201 1222 ten'tom
226 1168 296 1235 est,
329 1158 409 1241 quoti
437 1158 553 1242 equites
579 1180 622 1223 ex
643 1156 730 1222 ltalia
754 1180 821 1220 cum
844 1157 1014 1242 Asprenate
1034 1163 1215 1227 uenissent'.

91 1257 146 1325 1100
165 1280 273 1345 genus
295 1280 364 1323 eum
386 1257 561 1345 fladuigins
581 1282 688 1346 opusc.
707 1262 761 1325 ale
780 1282 810 1344 p.
826 1259 893 1324 232
907 1261 944 1324 ab
960 1264 1123 1329 emendatis
1138 1268 1216 1331 scn‘-

90 1363 213 1447 pton'bus
235 1362 372 1427 alienum
393 1384 463 1428 esse
485 1384 583 1448 usque
605 1374 677 1427 ante
699 1363 846 1428 Hadriani
860 1374 999 1448 tempora
1011 1364 1216 1434 inerebmisse

87 1464 326 1544 tmomtrmet,
357 1477 459 1531 tamen
481 1466 539 1531 duo
559 1477 645 1531 carte
666 1466 857 1550 antiquorum
878 1466 1059 1549 scriptorum
1080 1471 1217 1554 exempta

88 1568 255 1652 [11100000
277 1578 330 1632 est
350 1577 474 1631 coactus
496 1564 622 1634 Catonis
641 1588 691 1652 ap.
708 1567 790 1633 Ptin.
808 1569 880 1631 hist.
897 1578 962 1630 nat.
979 1564 1108 1648 XXlX,
1126 1569 1158 1644 t,
1176 1569 1217 1636 11

89 1670 182 1735 ‘fleam
200 1672 243 1735 de
259 1670 331 1733 istis
346 1668 474 1734 Graecis
488 1691 545 1734 suu
559 1673 646 1747 loco,
667 1668 775 1735 Marce
793 1671 852 1747 nti,
877 1671 946 1752 quid
961 1670 1091 1735 Athenis
1108 1672 1217 1756 exqui-

86 1774 163 1837 a'tom
178 1773 336 1850 habeam,
360 1784 410 1851 et,
434 1775 512 1857 quod
533 1774 643 1837 bonum
663 1774 704 1837 sit
717 1774 837 1837 illorum
852 1772 970 1837 litteras
986 1774 1138 1857 inspicere
1154 1796 1215 1841 uon

85 1876 273 1961 perdiscere,
297 1875 450 1954 uincam'‚
474 1887 505 1939 et
525 1873 626 1940 Plauti
646 1874 771 1939 ,101000
796 1873 829 1951 Ι,
855 1874 889 1952 1,
912 1874 954 1939 37
981 1877 1129 1959 ‘equidem
1150 1878 1215 1941 seio

84 1980 151 2060 itm,
174 1980 261 2043 fliius
282 1979 363 2061 quod
382 1989 465 2042 amet
484 1998 570 2042 meus
592 1979 690 2042 istanc
710 1979 903 2042 meretricem
926 1980 1098 2062 eproximo
1112 1974 1216 2044 Phile-

84 2082 182 2147 aium'.
216 2078 260 2146 C.
276 2079 335 2159 22,
360 2079 436 2145 710
457 2082 595 2145 oratioue
621 2080 740 2163 obliqua
759 2081 849 2144 etiam
871 2081 902 2143 in
924 2082 1037 2145 causati
1058 2084 1215 2146 enuntiato

87 2206 237 2271 perperam
253 2184 530 2248 accusau'ous-cu
546 2182 695 2248 intinitiuo
710 2184 825 2268 positus
841 2195 906 2247 estc
929 2183 1022 2247 ‘serui
1039 2186 1216 2270 transfugae

90 2290 301 2352 nuntiauerant
324 2287 540 2372 oppidanorum
563 2287 641 2350 bona
658 2287 764 2350 uenire
780 2306 878 2369 neque
893 2296 983 2348 extra
996 2287 1107 2351 nattum
1122 2287 1217 2352 licere

89 2392 171 2457 exire
191 2392 252 2456 uisi
273 2389 472 2470 discinctum,
495 2391 608 2456 idcirco
623 2390 720 2473 qood,
743 2410 786 2454 ex
804 2410 863 2473 quo
879 2389 927 2452 die
942 2389 1078 2472 oppidum
1093 2388 1217 2472 Ategua

87 2505 164 2559 esset
186 2504 330 2579 captum,
353 2504 436 2558 metu
465 2494 646 2558 conterritos
676 2496 845 2578 conplures
869 2492 1029 2575 profugere
1050 2491 1083 2553 in
1106 2488 1218 2555 Baeto-

87 2596 187 2662 riam'=
216 2618 289 2661 nam
312 2599 390 2679 quod
412 2595 565 2661 Ronanus
587 2595 760 2679 Stephanus
786 2593 979 2676 ‘idcircoque’
1001 2592 1155 2667 correxit,
1186 2593 1219 2662 it

86 2700 256 2765 mtentiae
271 2710 320 2763 est
333 2696 529 2762 contrarium.
560 2696 728 2785 Praeterea
743 2699 822 2762 hunc
838 2696 944 2760 librum
961 2717 1027 2759 cum
1043 2694 1218 2759 100110Αή1-

87 2822 157 2866 eano
179 2812 213 2867 et
236 2800 353 2865 duobus
370 2800 517 2864 Hirtinnis
538 2802 761 2864 contentatiis
780 2801 962 2886 comparanti
979 2800 1053 2863 haec
1068 2820 1217 2864 memora·

87 2903 153 2969 iiiia
165 2902 364 2968 uidebuntur.
396 2899 432 2965 ln
448 2903 525 2967 betto
540 2904 686 2967 Africano
706 2916 883 2968 constanter
897 2902 1008 2967 dieitur
1024 2909 1136 2984 ‘neque
1151 2900 1217 2986 opi-

89 3008 169 3071 aaus‘
199 3005 237 3089 (7
247 3052 258 3085 ,
282 3002 317 3069 3.
346 3004 408 3084 66,
431 3006 485 3089 2),
510 3007 641 3090 itemque
657 3004 688 3070 in
705 3007 915 3071 Alexandrino
931 3004 1006 3083 (63,
1032 3004 1064 3069 5.
1093 3004 1157 3082 73,
1179 3002 1215 3068 2.

88 3108 214 3192 75,1)ε
239 3130 308 3173 nam
327 3110 361 3173 in
380 3119 488 3172 octauo
504 3109 581 3172 libro
596 3111 634 3173 de
649 3110 679 3171 b.
697 3108 778 3173 Gall.
797 3129 893 3194 neqrm
909 3110 966 3173 troc
979 3108 1158 3172 uocabulum
1174 3107 1218 3171 ie-

91 3213 174 3296 gitur
195 3232 289 3296 neque
313 3212 514 3295 ‘inopinans',
537 3233 596 3296 quo
619 3210 735 3277 Caesar
754 3214 820 3276 soto
834 3232 907 3276 usus
923 3223 982 3275 est.
1016 3208 1137 3292 ‘Neque
1153 3210 1218 3292 opi-

91 3314 178 3381 oaos'
195 3326 319 3401 praeter
338 3315 407 3378 illos
421 3315 505 3379 locos
521 3316 625 3399 legere
641 3334 702 3378 uon
717 3316 835 3378 memini
853 3314 912 3376 nisi
926 3314 956 3375 in
972 3308 1059 3374 Bruti
1074 3311 1163 3393 epist.
1181 3312 1220 3374 att

92 3412 155 3481 (iic.
178 3414 214 3496 1,
240 3416 323 3496 1,1,
348 3418 386 3481 de
407 3418 515 3501 quibus
531 3418 668 3503 epistolis
682 3438 748 3482 eum
764 3416 897 3480 maxime
911 3415 1108 3496 disceptator.
1139 3408 1219 3477 Belli

94 3516 301 3605 Hispaniensis
322 3519 454 3605 scriptor
475 3541 595 3606 semper
615 3522 715 3607 posuit
736 3521 879 3583 usitatum
896 3516 1101 3602 ‘necopinans'
1116 3515 1164 3599 (2,
1180 3516 1215 3582 2.

91 3620 141 3703 15,
156 3623 191 3687 2.
218 3622 273 3700 16,
289 3622 337 3706 1).
368 3620 405 3688 ln
427 3622 577 3688 Hirtiauis
601 3624 825 3689 commentariis
851 3620 1015 3708 ‘repeutc',
1039 3619 1116 3684 inb.
1135 3618 1219 3681 nni-

93 3744 163 3790 cano
180 3726 305 3790 ‘subito'
323 3727 449 3791 excluso
463 3730 562 3792 altero
577 3727 646 3812 poni
661 3726 945 3791 animaduertimus:
966 3723 996 3785 in
1012 3723 1091 3788 betto
1107 3722 1218 3804 Hispa-

93 3831 187 3894 niensi
202 3850 302 3913 neque
317 3832 464 3913 ‘repente’
480 3849 577 3913 neque
596 3831 716 3893 ‘subito'
740 3850 836 3913 neque
853 3826 992 3890 ‘subitus'
1008 3823 1140 3907 tegitur,
1163 3821 1219 3889 sed

94 3930 289 4018 ‘repentinus'
303 3930 338 4010 9,
355 3934 388 3997 3.
419 3929 495 3996 Item
516 3932 647 4017 scriptor
666 3933 733 3996 belii
750 3930 959 4015 Hispaniensis
975 3938 1153 3992 constanter
1168 3943 1220 4007 po-

93 4038 150 4099 suit
167 4034 359 4099 ‘uulneribus
375 4034 502 4099 afficere’
519 4034 565 4115 (9,
591 4036 623 4099 3.
649 4034 701 4115 12,
718 4036 750 4099 1.
776 4032 876 4111 15,1.
896 4030 996 4110 16,1.
1015 4030 1069 4106 23,
1087 4028 1108 4089 2
1124 4038 1155 4088 et
1170 4026 1219 4106 8),

92 4160 249 4223 numquam
267 4139 450 4202 ‘uulnerare’
465 4148 518 4201 aut
535 4137 787 4213 ‘conuulnerare’‚
810 4136 888 4219 quod
903 4137 935 4199 in
951 4134 980 4195 b.
992 4132 1062 4194 Air.
1081 4133 1222 4210 trequen-

91 4243 146 4305 tari
161 4242 375 4307 animaduerti.
404 4240 551 4326 Proprius
566 4242 637 4305 teni
653 4240 864 4325 Hispaniensis
881 4248 929 4301 est
943 4236 1051 4301 creber
1066 4251 1138 4295 usus
1153 4250 1224 4292 ucr-

90 4342 194 4409 hrum
211 4345 303 4409 ‘bene
317 4349 454 4431 magnus’
470 4345 516 4427 (1,
534 4344 567 4408 2.
598 4344 631 4423 1,
649 4340 681 4406 3.
717 4342 817 4420 12,1.
850 4339 952 4418 13,1.
988 4336 1040 4415 15,
1057 4332 1089 4398 6.
1119 4328 1221 4407 162²·

89 4446 142 4527 22,
157 4444 192 4512 0.
227 4448 284 4527 ss,
306 4446 422 4513 ses.
451 4446 504 4526 sn,
526 4447 557 4511 1.
588 4446 715 4529 n,1)2
742 4445 831 4509 ‘uae
852 4442 948 4507 mnu
970 4438 1026 4516 su,
1052 4438 1084 4500 s.
1117 4430 1221 4509 tut·

89 4548 200 4631 37,1,
229 4551 320 4616 ‘bene
340 4552 440 4637 tonge‘
461 4549 517 4628 25,
538 4550 561 4615 2
582 4552 734 4635 leguntur.
767 4546 820 4611 Ex
839 4541 994 4632 particulis
1011 4531 1225 4619 temporalibus

91 4674 254 4740 numquam
276 4666 430 4739 munstur
451 4653 651 4740 ι1000100001,
683 4654 757 4729 ‘ut'‚
791 4649 884 4725 ‘ubi',
907 4664 1005 4728 neque
1028 4632 1225 4717 ι1111111111,
