2646 5124
525 600 836 672 certmst-st.
1233 608 1300 680 7⁰9

112 798 240 847 cursare
253 788 286 844 st
300 776 390 841 modo
404 794 439 841 se
451 776 534 841 intre
549 787 651 861 portss
665 775 801 859 recipere
815 776 904 840 modo
919 776 1127 843 inconstanter
1137 782 1242 847 immo-

111 885 277 968 derateque
298 878 431 964 prodire.
470 877 548 943 Cum
569 879 648 944 idem
670 899 688 942 a
712 877 846 962 pluribus
874 878 1072 945 animaduerti
1102 894 1238 967 coeptum
1253 885 1277 948 2

110 994 213 1062 osset,
229 982 328 1047 subito
343 980 436 1064 legati
450 982 627 1065 euocatique
642 981 803 1045 obsecrare
818 977 1001 1061 Caesarem,
1027 1005 1065 1048 ue
1087 983 1239 1050 dubitaret

113 1089 234 1172 siguum
248 1086 341 1149 daret
364 1084 523 1147 uictoriam
537 1083 595 1149 sibi
610 1084 758 1168 propriam
774 1105 792 1146 a
807 1085 853 1148 dis
868 1085 1075 1149 inmortalibus
1090 1088 1239 1170 portendi.

77 1202 94 1254 t
119 1188 281 1254 [dubitante
289 1182 424 1251 Cessero
438 1195 528 1269 utque
542 1206 646 1249 eorum
660 1187 759 1250 studio
772 1186 984 1270 cupiditatique
995 1188 1156 1252 resistente
1170 1189 1242 1255 sibi·
1257 1191 1277 1256 3

115 1312 175 1377 que
188 1289 347 1375 eruptione
362 1288 489 1374 pugnari
504 1309 566 1351 uon
577 1288 698 1371 placere
707 1288 880 1352 clumituute
895 1299 927 1354 et
943 1289 1034 1353 etiam
1052 1301 1140 1373 atque
1151 1292 1241 1355 elimo

111 1388 210 1458 a'oiom
224 1401 417 1456 sustentante
431 1391 531 1455 subito
546 1391 656 1455 dextro
670 1412 765 1454 cornu
780 1391 897 1455 iniussu
914 1387 1058 1455 Caesaris
1081 1391 1200 1457 tubicen
1221 1415 1240 1457 u

113 1494 262 1561 militibus
275 1502 399 1557 cosetm
413 1513 522 1557 unere
538 1493 647 1574 eoepit.
671 1489 742 1574 Quo
757 1494 837 1556 lucto
852 1491 889 1556 ab
905 1493 1057 1558 uniuersis
1069 1495 1242 1560 cohortibus
1257 1496 1278 1560 t

115 1598 206 1680 signs
220 1597 253 1659 in
267 1595 383 1659 bostem
397 1613 524 1678 coepere
538 1593 663 1673 iulerri,
686 1615 753 1658 cum
769 1596 961 1661 centuriones
977 1606 1098 1679 pectore
1112 1597 1243 1662 aduerso

67 1711 95 1764 to
117 1698 299 1764 resisterent
313 1697 401 1780 uiquo
415 1696 608 1760 continerent
620 1696 750 1775 milites,
775 1717 814 1760 ue
830 1697 945 1760 iniussu
961 1696 1152 1782 imperatoris
1167 1721 1238 1764 con·

114 1810 289 1878 currerent,
305 1798 532 1885 necquicquam
546 1799 739 1882 prodicerent.
764 1795 1020 1884 Quodpostqnum
1029 1797 1299 1873 Caesarium-88

113 1903 192 1967 luxit
205 1902 337 1967 incitetis
352 1900 477 1966 militum
493 1900 601 1965 animis
615 1900 717 1964 resisti
732 1901 813 1965 nullo
829 1901 917 1965 modo
931 1922 1039 1985 posse,
1056 1904 1144 1987 siguo
1159 1902 1241 1969 Feli·

115 2005 216 2070 citstis
231 2003 301 2067 duto
316 2023 394 2086 equo
409 2002 541 2067 admisso
556 2003 588 2065 iu
604 2001 719 2066 bostem
735 2014 840 2067 eontra
856 2004 1005 2088 principes
1017 2005 1063 2068 ire
1073 2006 1240 2070 contendit.

112 2108 146 2171 'A
154 2109 264 2172 dextro
273 2106 395 2170 interim
410 2126 506 2170 cornu
520 2104 687 2168 funditores
702 2107 910 2190 sagittariique
924 2108 1042 2170 concito
1058 2107 1116 2171 tela
1132 2108 1163 2170 iu
1179 2109 1241 2172 ele·
1256 2109 1277 2173 2

67 2221 93 2274 ts
114 2210 244 2295 pbsutos
258 2208 431 2291 frequentes
446 2207 584 2271 iniciunt.
615 2203 684 2288 Quo
699 2209 778 2270 lacto
793 2207 908 2271 bestiae
929 2209 1060 2273 stridore
1083 2210 1240 2273 fundorum
1255 2206 1277 2273 3

114 2310 306 2395 lapidumque
319 2307 501 2394 perterritas
514 2328 585 2373 sese
600 2320 778 2373 conuertere
800 2317 832 2372 et
846 2328 918 2372 sous
933 2319 1001 2391 post
1016 2330 1050 2373 se
1066 2312 1241 2394 irequeutes

117 2413 306 2497 stipatusque
320 2420 477 2495 proterere
499 2421 532 2475 et
551 2410 582 2473 iu
606 2420 709 2494 portas
731 2409 803 2474 nolli
825 2411 998 2475 semiioctus
1013 2431 1102 2476 ruere
1116 2422 1241 2477 couten-

113 2514 203 2579 dust.
235 2512 311 2579 ltem
326 2510 430 2578 Mauri
443 2511 580 2596 equites,
606 2514 655 2594 qui
677 2513 709 2576 iu
729 2513 834 2576 eodem
858 2533 952 2576 cornu
974 2512 1140 2598 elepbuutis
1156 2525 1242 2578 erunt
1255 2517 1277 2581 4

116 2617 288 2703 praesidio,
312 2615 425 2680 deserti
446 2615 598 2701 principes
614 2615 743 2699 lugiunt.
776 2612 824 2678 Ita
839 2615 982 2679 celeriter
995 2615 1099 2679 bestiis
1115 2615 1240 2680 circum·
1256 2615 1276 2681 5

67 2730 95 2784 to
115 2718 166 2785 itis
181 2720 316 2804 legiones
329 2718 411 2783 uollo
427 2717 557 2782 bostium
573 2727 645 2780 suut
660 2717 783 2802 potitae,
801 2728 830 2781 et
840 2719 942 2802 paucis
952 2718 1244 2804 euriterrepuguau·

117 2820 437 2903 tibus-interiectisque
451 2819 561 2902 reliqui
575 2818 719 2883 concitati
741 2821 772 2882 in
795 2830 915 2898 costra,
938 2822 1018 2885 uude
1039 2820 1134 2905 pridie
1156 2832 1242 2886 eruut

116 2923 246 3007 egressi,
263 2922 450 3007 confugiunt.
472 2918 507 2985 N
508 2940 547 2985 on
560 2922 683 2985 uidetur
696 2942 765 2987 esse
780 2923 1076 3007 praetermittendum
1085 2924 1122 2989 de
1130 2925 1241 2990 uirtute
1250 2923 1299 2995 84

115 3024 221 3090 militis
234 3024 373 3089 ueterani
386 3033 410 3088 V
423 3024 563 3107 legionis.
594 3022 675 3088 Nam
697 3047 764 3089 cum
786 3025 818 3089 in
839 3026 963 3091 sinistro
986 3048 1079 3092 corun
1099 3028 1241 3112 elepbsus

115 3126 242 3192 uulnere
257 3128 338 3191 ictus
353 3136 385 3190 et
398 3125 502 3190 dolore
518 3126 686 3191 concitatus
702 3129 733 3192 in
754 3127 847 3192 lixum
869 3131 1011 3194 inermem
1034 3132 1175 3213 impetum
1200 3133 1241 3193 le-

67 3241 98 3294 ss
118 3230 212 3295 cisset
226 3246 355 3315 eumque
367 3227 423 3292 sub
438 3228 543 3312 pedem
558 3228 706 3293 subditum
721 3229 791 3293 dein
805 3251 884 3314 genu
899 3233 1023 3294 iunixus
1040 3230 1171 3312 pondere
1185 3250 1240 3292 suo

117 3332 297 3419 proboscide
311 3341 414 3395 erecte
426 3330 616 3414 nibrsutique
627 3333 757 3397 stridore
767 3333 898 3395 maximo
910 3341 1059 3413 premeret
1070 3341 1159 3413 atquo
1171 3352 1242 3395 eue-

118 3436 216 3509 c'aret‚
232 3433 319 3497 miles
334 3432 383 3497 bic
397 3454 457 3496 uon
473 3434 570 3517 putuit
582 3435 662 3519 peti,
687 3435 757 3518 quin
780 3454 813 3497 se
829 3444 960 3496 armatus
976 3432 1090 3495 bestiae
1106 3433 1239 3497 offerret.

118 3533 218 3619 Quem
240 3547 394 3620 postquem
415 3535 556 3620 clepbsus
580 3536 617 3600 ad
639 3557 674 3601 se
695 3535 755 3599 telo
770 3536 881 3599 infesto
898 3534 1002 3598 uenire
1017 3534 1239 3615 animaduertit,
1256 3537 1278 3600 2

116 3638 224 3704 relicto
233 3639 381 3705 uadsucse
391 3639 513 3704 militem
526 3638 703 3724 proboscide
719 3638 883 3702 circumdet
897 3648 986 3721 utque
1001 3638 1031 3701 in
1047 3636 1173 3703 sublime
1188 3659 1243 3704 ex-

67 3750 94 3807 to
116 3740 195 3807 tollit
208 3752 366 3807 armatum.
392 3737 453 3824 Qui
467 3742 499 3805 iu
514 3741 660 3806 eiusmodi
675 3742 808 3828 periculo
823 3764 889 3808 cum
906 3752 1081 3808 constanter
1095 3742 1242 3826 egendum
1258 3741 1278 3807 3

226 3980 297 4032 stis
309 3997 336 4046 o,
349 3983 401 4033 diis
414 3998 442 4033 ts.
564 3984 746 4037 inmortalibus
759 4002 785 4036 u.
910 3986 925 4035 5
939 3984 1073 4035 dubitandi
1087 3984 1201 4033 Caesare
1214 3999 1242 4046 o,

116 4054 363 4109 dubitastlllaesart
377 4059 402 4110 b.
508 4059 559 4110 sibl
572 4069 657 4129 erupt.
674 4063 698 4112 b.
803 4060 944 4112 dolamltet
955 4075 972 4109 o
986 4061 1011 4110 b.
1115 4057 1132 4108 7
1140 4062 1243 4105 susten-

116 4137 287 4188 tastumst.
402 4138 542 4189 tubieioo.
659 4141 901 4192 lllconcurrouto.
1019 4134 1241 4201 ltquicqusmo,

117 4213 276 4279 nonqoldq.
399 4214 660 4283 lblrequeotorbc.
785 4210 983 4277 lblapidumo.
1100 4210 1243 4266 deterritos

116 4293 394 4343 ss'usussetorttotsss¹
502 4292 534 4343 17
543 4290 679 4356 ruore]irs
693 4292 718 4341 b.
824 4289 996 4341 ldidcmob.
1100 4290 1244 4360 clephontis

117 4383 136 4419 o
147 4374 255 4421 otuinus
269 4370 336 4434 det,
350 4385 408 4421 oum
420 4370 566 4436 elepbautls
579 4385 606 4420 as.
726 4366 758 4422 21
771 4366 969 4435 interiectisque
982 4384 999 4420 o
1012 4370 1027 4420 b
1040 4370 1055 4424 3
1068 4372 1147 4437 usu,
1163 4373 1243 4424 iuter

118 4445 234 4500 lectists.
350 4449 569 4516 mprogrsssib.
686 4448 902 4514 praetereundum
917 4447 993 4499 b.·
1061 4450 1134 4504 llio
1148 4463 1201 4500 om.
1215 4462 1242 4498 o.

224 4527 592 4595 tusttssttt⁰,teteptens
602 4542 619 4577 u
629 4526 644 4577 b
653 4540 677 4589 o,
691 4526 845 4594 clepbsutus
856 4544 883 4579 u.
971 4530 1004 4583 25
1013 4531 1103 4596 pedem
1117 4528 1166 4589 ob,
1178 4525 1243 4591 pedo

115 4620 145 4657 ss·
251 4607 314 4658 dein
326 4621 353 4670 u,
365 4606 460 4658 deiude
472 4623 500 4658 ts.
605 4605 639 4660 lb
647 4608 809 4672 promuscide
822 4623 944 4677 cuprum.
959 4624 982 4658 o.
1084 4603 1243 4656 sternutus

116 4683 469 4749 ob2dett.,armutomu.
577 4684 776 4739 ddsrmatusu.
882 4684 1077 4738 cumomob.
