2646 5124
491 540 815 611 ..15ss-

92 718 209 787 Coiitra
222 713 370 783 iuCilieia
384 727 416 781 et
430 716 504 781 duas
519 726 680 781 ueneram
694 716 830 800 legiones
845 716 939 783 luisse
952 717 1212 801 etiulroqccutes,

92 846 168 907 quae
182 844 273 887 eausa
289 830 367 897 erat,
385 839 439 883 eur
453 838 493 881 ex
508 817 622 883 duabus
637 840 697 883 una
710 820 890 895 efficeretur,
906 838 948 883 ex
958 814 1027 885 Cic.
1042 820 1211 905 epeadblt.

93 923 142 1003 V,
160 924 221 1002 15,
240 923 255 987 l
273 932 411 993 constat,
433 921 483 1003 qui
506 942 541 985 se
564 921 651 986 ‘duas
673 920 809 1005 legiones
830 921 938 987 exilee‘
962 922 1078 989 babere
1099 924 1212 991 soritis.

93 1026 189 1093 llecte
204 1027 297 1110 igitur
312 1022 505 1089 ciacconius.
1208 1098 1211 1105 Ι

177 1127 286 1193 Eiusd.
304 1152 333 1191 c.
351 1126 413 1211 §.l
429 1126 520 1191 uerba
538 1124 740 1209 ‘octingentos
755 1146 797 1191 ers
812 1126 912 1193 seruis
926 1128 992 1193 suis
1007 1139 1214 1215 pastum

94 1254 216 1297 suorum
232 1228 384 1315 cottgcrat'
400 1240 540 1311 corrupta
556 1248 624 1291 esse
639 1238 724 1291 reete
736 1248 841 1293 omues
848 1232 1057 1297 consentiunt.
1072 1231 1215 1302 nument

95 1358 155 1399 non
171 1356 276 1399 omnies
291 1345 427 1418 pastores
443 1331 524 1395 serui
540 1340 640 1409 eraut,
659 1330 737 1411 qnod
753 1326 968 1417 Oudendorpio
984 1334 1085 1399 uisum
1099 1344 1161 1413 est,
1175 1344 1215 1403 lm

94 1459 162 1501 rnen
187 1458 240 1501 eos
258 1434 414 1501 facultates
431 1434 475 1497 rei
493 1432 648 1499 familiaris
663 1442 724 1497 tam
740 1443 847 1499 moues
862 1434 1003 1505 babuisse
1017 1448 1162 1522 appetet,
1185 1446 1216 1503 m

94 1540 221 1605 ridicule
244 1562 284 1603 ex
306 1559 409 1602 corum
433 1536 532 1601 seruis
547 1534 709 1619 Pompeius
731 1556 827 1619 aeque
846 1548 938 1623 atque
959 1558 1001 1603 ex
1023 1538 1091 1605 suis
1105 1540 1214 1625 equdfl

95 1642 314 1726 conscripsisse
337 1641 462 1703 dicatur.
495 1636 557 1703 Sed
580 1637 749 1721 corrigendi
773 1640 907 1705 rationes
926 1640 1024 1705 adbuc
1039 1640 1136 1707 initae
1150 1650 1213 1717 ud

95 1766 199 1829 parum
216 1742 396 1828 probabiles,
407 1762 493 1823 quas,
504 1762 542 1805 ne
557 1740 666 1823 longus
677 1739 746 1819 sim,
758 1763 818 1806 non
833 1744 1087 1809 commemorabo.
1110 1742 1211 1829 Neget

97 1847 176 1911 enim
199 1844 270 1909 mibi
293 1844 382 1907 aliter
402 1842 521 1907 uidetur
542 1842 632 1907 scribi
656 1842 790 1927 potuisse
806 1864 894 1927 quam
912 1846 968 1910 boe
984 1844 1094 1912 modos
1111 1848 1210 1916 ‘ooth

96 1957 205 2031 gentos
228 1966 270 2011 ex
291 1946 391 2011 seruis
406 1945 636 2029 pastoribusque
649 1945 714 2011 suis
727 1967 912 2031 suorumque
926 1948 1097 2033 eodgerat'.
1128 1938 1209 2019 Sitti

95 2047 164 2111 liter
178 2070 227 2133 ap.
245 2045 313 2115 Cic.
330 2048 367 2112 ad
383 2046 451 2112 Aen.
467 2044 528 2123 IX,
546 2045 631 2127 13,7
647 2048 819 2113 aberratum
835 2060 884 2115 est
896 2051 929 2115 iu
944 2051 1038 2115 bacea
1059 2062 1131 2117 ‘noo
1142 2068 1208 2135 qut

96 2160 230 2215 monstra
247 2150 358 2217 cotidie
371 2151 582 2235 intellegamus
597 2172 639 2217 ex
652 2150 704 2217 illo
719 2150 840 2229 libello,
863 2151 913 2237 qui
928 2151 959 2215 in
975 2152 1137 2237 epistolam
1149 2172 1209 2219 eu·

95 2254 192 2317 iectus
207 2258 283 2333 est',
302 2276 368 2320 eum
384 2253 573 2319 scribendum
589 2264 674 2318 esset
690 2254 813 2319 ‘cotidie
828 2254 982 2339 legamus,
1005 2255 1166 2341 intelleges
1177 2274 1210 2323 u

95 2356 147 2421 illo
163 2357 274 2422 tibctto’
291 2369 364 2421 cell.

182 2457 219 2526 C.
236 2460 257 2525 li
272 2462 398 2546 optimos
415 2461 499 2523 codd.
519 2469 638 2521 secutus
655 2460 695 2522 ita
713 2460 873 2522 constitui:
894 2457 1034 2537 ‘Caesar¹
1051 2461 1211 2527 utBrundi·

96 2564 172 2627 sium
190 2564 290 2643 uertit,
315 2563 506 2627 contionatus
522 2562 597 2645 apud
615 2562 725 2625 milites
741 2601 779 2611 —
798 2564 1054 2627 conclamantibus
1071 2565 1210 2637 omnibus,

96 2668 270 2750 impemret,
289 2667 364 2750 quod
383 2666 485 2739 uellet,
503 2667 707 2747 qinodcumque
724 2666 944 2748 imperauissct,
962 2687 996 2729 se
1011 2687 1108 2748 aequo
1124 2668 1213 2729 antimo

97 2791 164 2833 esse
181 2772 334 2845 facturos,
353 2767 379 2831 ll
396 2767 479 2831 Nou.
496 2764 563 2829 lan.
581 2789 674 2831 naues
690 2767 792 2831 soluit.
819 2766 996 2849 lmpositae‚
1017 2779 1050 2830 nt
1066 2789 1157 2851 supra
1172 2770 1213 2829 dc·

97 2883 291 2934 monstratum
316 2882 380 2945 cst,
403 2871 536 2953 legiones
555 2868 608 2932 Vl.
640 2867 792 2932 Postridie
809 2882 917 2933 terram
935 2870 1034 2954 attigit
1050 2870 1214 2935 Germiuio·

96 2996 175 3036 runt.
207 2971 292 3037 Saxa
315 2974 393 3033 inter
407 2982 439 3032 ct
454 2971 511 3034 ulia
528 2972 592 3034 loca
611 2971 778 3053 periculosa
795 2974 923 3055 quietam
940 2983 1046 3035 nucem
1063 2974 1216 3037 stationem

97 3087 128 3138 et
144 3087 245 3159 portus
261 3095 365 3137 ontines
382 3074 507 3152 timeus,
525 3074 601 3156 quod
618 3074 715 3137 teneri
732 3075 768 3136 alt
784 3076 967 3138 aduersariis
983 3075 1217 3153 arbitrabantur,

97 3180 133 3243 ad
150 3200 216 3243 cum
233 3179 352 3256 locum,
377 3178 426 3261 qui
442 3177 645 3261 appellabatur
659 3178 682 3258 †
697 3173 872 3255 Pharsalia,
890 3178 1027 3241 onrrribus
1044 3180 1173 3243 nauibus
1186 3178 1219 3243 al

97 3306 186 3348 urrann
210 3282 408 3347 incolumibus
431 3282 539 3344 rnilitcs
563 3278 726 3362 exposuit'.
757 3278 923 3343 Numerum
949 3281 1102 3363 legionum
1118 3302 1220 3345 secun·

98 3388 165 3451 dum
182 3410 236 3464 ea,
262 3407 337 3469 quac
360 3406 451 3469 supra
467 3383 637 3467 disputem,
654 3383 789 3446 correxi.
821 3380 881 3445 Sed
898 3384 995 3446 editur
1013 3384 1124 3467 ‘pridie
1140 3382 1220 3449 Non.

96 3484 164 3550 Ian.
190 3511 284 3553 traues
307 3490 400 3551 soluit
424 3488 566 3569 impositis
583 3524 624 3533 -
640 3485 807 3567 legionibus
826 3483 915 3563 l'll'3
940 3486 971 3548 in
994 3486 1114 3568 optimis
1137 3486 1220 3551 codd.

97 3590 241 3670 scriptum
266 3602 313 3652 cst
337 3587 379 3651 ‘ll
395 3586 480 3651 Non.
498 3585 564 3649 lan.
590 3608 683 3650 naues
704 3589 825 3651 solunnt
848 3589 1067 3671 impositae-
1090 3590 1223 3673 legiones

97 3686 179 3752 l'll'.
212 3692 252 3753 lit
275 3692 399 3772 primurn
423 3689 539 3769 quidem
563 3690 620 3754 diei
644 3690 825 3772 siguilieatio
847 3694 948 3754 eadent
971 3714 1020 3774 ap.
1038 3688 1108 3755 Cic.
1125 3712 1173 3775 cp.
1187 3690 1223 3755 ad

97 3790 186 3857 Brut.
205 3790 231 3869 l,
249 3791 284 3853 td
303 3801 382 3853 cxli:
395 3792 425 3853 in
437 3792 539 3855 codice
554 3790 706 3867 lllcdieeo,
716 3793 744 3854 b.
757 3792 825 3858 Atr.
834 3792 888 3871 79,
901 3793 922 3856 2
938 3805 969 3854 el
985 3791 1071 3874 llisp.
1083 3792 1125 3859 39
1140 3804 1222 3857 exlr.

96 3896 128 3957 in
144 3892 215 3957 Par.
227 3915 305 3972 sec,
317 3892 426 3955 belle
445 3893 523 3971 lll,7
542 3894 581 3957 ‘ll
600 3893 723 3961 d.Non.
740 3894 817 3959 lun?
828 3897 856 3958 in
866 3896 970 3959 codem
986 3895 1111 3977 legitur,
1121 3917 1226 3980 quaes

96 3996 244 4073 librariis,
263 4018 328 4061 cum
346 3996 462 4081 ‘pridie'
479 3997 679 4075 inuenissent,
698 3998 816 4062 irtuecta
832 4020 899 4062 csse
916 4019 1103 4083 nequidquam
1120 3998 1226 4082 proba·

96 4098 156 4161 bile
168 4099 298 4177 uidetur,
310 4111 339 4161 et
350 4100 451 4163 eadem
462 4100 491 4163 in
500 4100 744 4183 inscriptionibus
753 4103 882 4165 inueniri
892 4099 1155 4165 docuitillarinius
1164 4111 1222 4165 acl.

95 4201 168 4271 frat.
181 4201 288 4264 Aruul.
308 4226 336 4285 p.
347 4200 399 4265 50.
425 4199 541 4265 Deinde
561 4203 672 4266 ‘soluit'
689 4226 762 4267 sanc
779 4205 982 4268 necessarium
996 4215 1053 4280 est,
1067 4205 1135 4281 sed,
1147 4204 1225 4287 quod

97 4301 156 4365 boe
163 4304 286 4366 uerbum
302 4325 318 4366 a
334 4303 462 4367 librariis
477 4325 530 4386 pro
545 4308 761 4370 consuetudine
777 4309 923 4389 proximis
941 4307 1041 4370 uerbis
1056 4329 1227 4371 accommo-

98 4405 198 4471 datum
208 4417 267 4484 est,
279 4427 326 4483 ea,
339 4430 414 4489 quae
423 4417 598 4490 sequuntur,
611 4428 704 4491 ireque
714 4410 891 4492 corrigenda
903 4432 998 4492 neque
1008 4431 1081 4473 uero
1091 4410 1229 4475 eiciendo

99 4530 181 4581 csse,
198 4510 228 4573 id
243 4511 319 4594 quod
337 4510 414 4573 Atto
430 4508 570 4575 ullanutio
586 4509 755 4585 uidebatur,
767 4513 909 4577 euincere
925 4523 1036 4595 potest.
1062 4510 1229 4595 Sequentia

101 4610 257 4679 l'ictorius
280 4614 321 4681 ita
345 4614 486 4690 mutauit,
512 4624 544 4675 ut
565 4614 713 4679 scriberet
730 4622 853 4681 ‘terram
878 4615 980 4699 attigit
996 4612 1229 4681 Cerauniorum
