2646 5124
447 107 584 176 COllll.
604 109 650 176 lll
672 110 766 178 CAP.
788 114 935 182 15-18.
1248 128 1308 196 321

82 330 85 335 ,
163 265 263 344 ludaris
285 281 333 345 ins
354 283 520 365 legatorum
544 297 785 350 conseruaretur.
832 286 937 371 ltaque
959 292 1038 353 omni
1065 307 1173 359 senatu
1199 321 1252 363 nc·

157 393 203 447 eta
214 386 344 468 reliquos
360 386 416 449 sub
431 407 543 450 corona
559 389 703 451 uendidit.

214 486 289 553 llum
313 488 387 553 lraec
409 489 441 553 in
463 486 591 554 Venetis
614 502 777 574 geruntur,
802 488 933 573 Quintus
958 492 1095 561 Titurius
1118 494 1250 568 Sabinus
1266 506 1309 577 17

142 608 192 655 eu·
204 590 242 655 iis
257 592 370 677 copiis,
387 614 462 675 quas
477 614 496 655 a
510 588 645 658 Caesare
660 606 830 677 acceperat,
849 596 879 658 in
897 596 971 661 lines
987 596 1162 667 Vncllornm
1179 626 1248 688 per-

109 694 219 758 ducuit.
260 692 319 759 llis
335 706 476 780 praeerat
491 694 651 759 Viridouix
668 718 703 759 ac
719 718 862 760 sumniam
879 698 993 781 imperii
1010 702 1130 767 tenebat
1144 726 1246 771 earum
1261 708 1284 773 2

132 798 251 861 annium
268 798 439 877 ciuitatum,
457 820 533 885 quac
548 800 733 876 defecerant,
752 802 916 882 exquibus
932 804 1247 892 exercitnrnmagnas·

128 920 175 983 quc
191 902 298 985 copias
314 909 475 987 coegerat3
497 914 586 985 atque
610 902 655 965 lais
677 903 779 986 paneis
796 903 901 966 diebus
917 903 1040 967 Aulerci
1058 905 1281 977 ldburouicesd

124 1000 314 1087 Lexouiique
329 1016 438 1069 senatu
454 1026 510 1068 suo
525 1004 700 1083 inter-lecto,
728 1006 803 1088 quod
828 1017 968 1069 auctores
992 1007 1062 1071 belli
1079 1032 1147 1074 esse
1163 1015 1248 1079 nole·

122 1105 206 1183 lant,
241 1118 348 1193 portas
383 1108 555 1171 clauserunt
579 1129 671 1191 seque
703 1129 770 1170 enan
798 1106 973 1171 Viridouice
1000 1110 1244 1195 coniunxerunt3

72 1212 105 1271 tt
120 1230 283 1295 magnaque
307 1220 467 1295 praeterea
487 1211 645 1275 multitudo
666 1212 794 1293 undique
818 1231 858 1272 ex
875 1208 972 1274 Gallia
994 1214 1176 1295 perditorum
1193 1219 1281 1285 luo-4

122 1312 233 1376 minum
247 1312 456 1397 latronumque
477 1323 678 1390 conuenerat,
703 1334 777 1395 qnos
793 1333 862 1395 spes
877 1315 1038 1396 praedandi
1054 1318 1244 1403 studiumque

120 1412 249 1479 lellaudi
270 1416 308 1479 alr
332 1416 517 1501 agricultura
540 1427 571 1480 ct
591 1417 742 1481 cotidiano
765 1416 867 1477 labore
890 1418 1063 1480 reuocabat.
1110 1416 1278 1487 Sabinus5

119 1516 225 1581 idoneo
235 1518 473 1583 omnibusrelms
489 1519 555 1583 loco
564 1520 672 1583 castris
686 1540 754 1583 sese
770 1519 901 1594 tenebat,
919 1540 985 1582 eum
995 1518 1156 1585 Viridouix
1169 1546 1242 1588 con·

119 1628 163 1683 tra
187 1642 259 1685 enm
281 1622 372 1685 duum
395 1621 506 1685 milium
524 1622 621 1706 spatio
636 1622 823 1685 consedisset
838 1622 1004 1703 cotidieque
1021 1624 1172 1705 productis
1189 1648 1241 1690 co-

71 1728 100 1783 tu
117 1721 173 1805 piis
188 1724 342 1809 pugnandi
357 1734 532 1809 potestatem
554 1725 687 1803 laceret,
713 1735 745 1787 ut
766 1725 825 1786 iam
849 1744 907 1785 non
931 1726 1025 1786 solum
1049 1725 1184 1791 hostibus
1208 1730 1240 1792 in

119 1826 372 1909 contemptionem
385 1822 514 1891 Sabinus
530 1826 669 1901 ueniret,
685 1827 738 1889 sed
755 1827 843 1889 etiam
860 1838 1030 1889 nostrorum
1046 1828 1169 1891 militum
1186 1852 1240 1894 uo·

120 1924 210 1991 cibus
226 1928 363 1993 nonnihil
376 1940 563 2015 carperetnr3
586 1939 759 2012 tantamque
774 1929 942 2014 opinionem
961 1928 1074 1991 timoris
1090 1931 1238 2012 praebuit,
1254 1931 1276 1997 6

119 2038 150 2093 ut
162 2028 227 2093 iam
243 2030 282 2093 ad
298 2028 400 2095 uallum
423 2044 592 2097 castrorum
607 2032 709 2095 hostes
724 2032 868 2097 accedero
885 2031 1043 2095 auderent.
1088 2028 1122 2093 ld
1147 2052 1183 2095 ea
1204 2032 1277 2099 de?

116 2152 206 2197 unsa
221 2132 371 2213 faciebat,
387 2136 464 2220 quod
480 2158 547 2199 cum
565 2146 648 2199 tanta
664 2135 850 2198 multitudine
866 2134 994 2197 lmstium
1013 2134 1187 2217 praesertim
1203 2156 1240 2199 eo

73 2238 101 2295 21
114 2234 252 2315 absente,
269 2237 321 2321 qui
335 2258 481 2302 summam
497 2238 613 2323 imperii
629 2247 764 2315 teneret,
791 2238 848 2301 nisi
871 2258 966 2319 aequo
982 2236 1050 2298 loco
1066 2246 1117 2298 ant
1132 2257 1240 2320 oppor-

114 2338 239 2404 tunitate
254 2340 354 2425 aliqua
369 2342 439 2405 data
454 2341 554 2425 legato
570 2341 765 2404 dimicandum
783 2361 842 2402 non
859 2338 1063 2403 existimabat.
1081 2336 1147 2402 llac
1162 2361 1234 2403 con·
1251 2340 1294 2411 18

115 2440 229 2507 &mala
251 2444 394 2529 opinione
417 2444 533 2509 timoris
554 2444 692 2509 idoneum
714 2443 861 2527 quendam
885 2442 1032 2505 bominem
1056 2452 1087 2505 et
1100 2441 1236 2507 callidum

115 2544 234 2631 delegit,
252 2542 395 2625 Gallum,
413 2568 454 2611 ex
470 2548 518 2625 iis,
536 2568 611 2631 qnos
627 2547 730 2611 auxilii
746 2567 836 2609 eausa
850 2568 952 2611 secum
969 2544 1108 2609 habebat.
1154 2544 1235 2609 lluic
1250 2544 1273 2609 2

114 2650 228 2734 magnis
244 2650 387 2733 praemiis
402 2648 721 2734 pollicitationibusque
738 2650 907 2733 persuadet,
924 2648 967 2711 uti
979 2647 1015 2711 ad
1027 2648 1127 2711 hostes
1137 2658 1236 2713 trans-

79 2754 174 2832 teat,
191 2764 243 2831 et,
261 2752 332 2837 quid
348 2752 413 2815 lieri
430 2754 518 2829 uelit,
536 2753 649 2816 edocet.
667 2748 726 2831 Qui
744 2751 789 2813 ubi
807 2772 859 2834 pro
875 2753 999 2833 perfuga
1015 2750 1051 2811 ad
1068 2770 1120 2811 eos
1136 2748 1234 2825 uenit,
1251 2748 1271 2812 3

114 2856 248 2921 timorem
264 2854 472 2919 llomanorum
489 2855 639 2941 proponit,
658 2852 762 2935 quibus
778 2853 927 2935 angustiis
943 2853 1006 2935 ipse
1016 2846 1134 2912 Cacsar
1148 2848 1237 2912 aVc·

113 2960 186 3023 netis
202 2969 378 3045 prematur,
395 2959 500 3036 docet,
518 2979 615 3041 neque
630 2956 750 3039 longius
766 2954 890 3030 abesse,
909 2954 977 3035 quin
994 2950 1132 3034 proxima
1147 2951 1272 3015 noctel

114 3056 250 3125 Sabinus
265 3062 340 3125 clam
356 3082 398 3125 ex
412 3062 520 3126 castris
537 3060 708 3125 exereitum
725 3058 831 3123 educat
849 3056 932 3120 etad
949 3052 1113 3119 Caesarem
1129 3052 1236 3117 anxilii

113 3164 228 3228 ferendi
246 3184 335 3228 causa
355 3163 575 3249 proficiscatur.
621 3160 709 3243 Quod
733 3161 780 3224 ubi
803 3159 934 3223 anditum
959 3167 1022 3235 est,
1047 3155 1269 3220 conclamant5

80 3264 212 3332 donnes
228 3267 422 3331 occasionem
438 3266 550 3351 negotii
563 3266 641 3333 bene
657 3263 781 3348 gerendi
802 3261 993 3328 amittendam
1010 3280 1069 3323 non
1085 3278 1171 3339 esse,
1196 3260 1233 3323 ad

215 3490 228 3543 l
245 3490 435 3541 adseruaretur
447 3490 473 3540 d.
613 3488 629 3539 3
643 3488 752 3553 Quintus
765 3485 899 3548 Anne,
914 3484 943 3551 Q.
956 3482 1006 3549 (j)
1019 3498 1047 3532 a.
1171 3483 1185 3533 1
1199 3482 1231 3533 iis

113 3564 201 3632 (mn,
216 3568 242 3619 is
257 3567 295 3629 G,
310 3567 361 3617 uiis
373 3568 410 3630 Ε,
425 3566 502 3632 laiss.
627 3567 641 3617 5
656 3566 678 3615 is
690 3564 728 3627 B,
743 3565 777 3614 iis
789 3564 815 3613 A
822 3564 854 3615 13.
976 3558 1101 3609 Vridonix
1114 3559 1148 3619 d,
1163 3558 1232 3610 Viri·

113 3642 203 3697 luauix
217 3644 256 3695 ‘D
268 3648 299 3695 et
308 3644 452 3711 deincepa'.
564 3643 579 3695 7
592 3644 625 3695 iis
637 3643 763 3695 ABDE.
882 3640 992 3691 Arrlnrci
1004 3639 1029 3689 A
1035 3640 1089 3689 BG
1095 3638 1120 3688 1)
1129 3638 1165 3701 Ε,
1180 3638 1232 3689 Au·

113 3720 180 3773 calici
194 3722 244 3773 du.
352 3720 540 3787 direxobiiquc
552 3720 587 3771 D.
693 3720 709 3769 u
723 3734 802 3785 seque
815 3715 958 3767 Viridouiei
972 3716 997 3765 d.
1104 3716 1135 3765 13
1147 3731 1176 3765 se
1190 3732 1231 3767 rc-

113 3796 205 3851 tinelnt
217 3800 261 3863 A,
276 3814 308 3851 ue
321 3799 427 3851 urebat
440 3800 490 3865 ds.
624 3798 657 3849 ll
670 3798 777 3847 duorum
791 3796 817 3845 d.
959 3794 989 3844 ld
1002 3799 1175 3858 contemptum
1189 3794 1236 3858 ds

113 3870 248 3937 (Ceterum
260 3876 496 3943 contemptionem,
509 3890 563 3925 non
582 3874 796 3935 contemtionem,
816 3871 842 3922 A
851 3870 936 3922 ont:
952 3874 980 3919 aa
994 3870 1092 3933 ndiqnc
1104 3870 1129 3921 ll
1141 3874 1170 3920 ot
1180 3872 1231 3921 doe

113 3952 265 4015 alelmilr'u,
280 3952 429 4005 ntadaliud
439 3951 592 4017 monuero).
698 3948 730 4001 18
742 3948 774 3998 de
786 3948 876 4013 ona.s.
973 3945 1003 3997 21
1019 3946 1151 4009 legatoI’.
1170 3948 1227 4001 127.

214 4028 277 4097 luae]
291 4044 322 4080 nc
336 4030 360 4081 B
373 4032 446 4081 ‘mac
459 4028 568 4081 mulli'.
680 4027 713 4079 23
727 4025 820 4089 dilegit
831 4040 866 4075 m.
877 4038 923 4090 pr.
938 4023 976 4085 ll,
992 4022 1084 4087 deligit
1096 4024 1119 4072 d.

115 4108 192 4159 exlio
205 4109 284 4161 codd.
300 4108 361 4161 edd.
374 4113 438 4160 aare
449 4108 514 4161 Atat.
529 4110 558 4157 oe
568 4122 597 4158 u.
700 4106 733 4157 25
747 4110 775 4154 et
787 4118 840 4155 om.
853 4118 877 4153 e.
992 4100 1074 4151 uellet
1086 4115 1122 4149 m.
1135 4113 1179 4163 pr.
1196 4098 1227 4147 ι’.

213 4185 420 4253 ubiprolugad.
524 4184 557 4239 27
570 4182 774 4251 premebaturd.
877 4179 1102 4231 illeoccasionem
1114 4178 1148 4225 B.

128 4290 261 4349 cosmed.
272 4292 380 4351 Nipperd.
1013 4268 1054 4332 21
