2646 5124
428 610 568 682 cotttt
586 610 631 680 lll
648 610 743 681 cett
759 610 912 680 dl-bll.
1229 616 1294 687 590

108 786 307 854 defenderent
329 785 494 855 lutiam
509 784 583 850 Tito
597 782 746 865 Pullone,
770 786 856 850 cuius
871 807 961 872 opera
977 789 1126 873 proditum
1143 811 1233 855 exer·

107 891 197 955 citam
213 885 253 955 G.
266 889 382 953 Antoni
398 888 681 968 demonstrauimus,
699 909 717 952 e
732 889 798 953 loco
815 902 1031 974 propugnante.
1056 889 1117 957 Sed
1133 904 1230 957 tumen
1246 891 1268 955 6

107 993 205 1057 nostri
227 993 341 1056 ninnte
362 992 503 1056 uicerunt
526 991 692 1074 excisoque
714 992 807 1055 ericio
831 994 926 1076 primo
941 993 973 1056 in
989 995 1100 1059 uaniora
1117 1006 1230 1074 castra,

106 1106 179 1180 post
192 1092 283 1159 eben
296 1094 329 1159 in
345 1094 513 1168 castellum,
531 1094 608 1177 qnod
623 1104 691 1159 erud
705 1095 852 1158 inclusum
869 1096 1031 1161 maioribus
1047 1098 1169 1175 cestris,
1186 1099 1233 1161 in-

72 1211 89 1262 u
112 1206 259 1282 rupuunt
272 1206 323 1275 et,
338 1197 417 1280 qnod
432 1216 469 1261 eo
484 1197 570 1281 pulsa
585 1196 665 1281 legio
681 1218 750 1261 sese
765 1209 933 1282 receperat,
951 1200 1111 1263 nonnullos
1126 1199 1167 1263 ibi
1182 1221 1233 1264 re-

109 1309 276 1384 pugnantes
289 1298 519 1365 interfecerunt.
550 1296 612 1365 Sed
630 1302 768 1378 fortuna,
795 1321 871 1383 qnae
886 1300 1041 1385 plurimum
1058 1311 1156 1385 potest
1167 1322 1232 1365 cun
1244 1300 1289 1371 118

108 1403 140 1467 in
153 1400 280 1486 reliquis
294 1400 386 1467 rebus
402 1411 463 1466 tom
478 1403 639 1488 praecipue
653 1403 684 1466 in
700 1402 798 1479 bello,
817 1404 918 1487 paruis
933 1404 1093 1468 momentis
1108 1423 1233 1488 magnes

108 1524 211 1568 rerum
232 1505 481 1569 memnone
495 1504 606 1587 efficit,
627 1515 663 1568 ut
678 1515 740 1569 tum
756 1506 876 1569 accidit.
907 1504 1128 1584 Munitionem,
1146 1526 1233 1590 quesn
1247 1503 1280 1569 2.

109 1607 269 1692 pertinere
281 1626 301 1670 a
313 1607 423 1673 castris
438 1608 476 1672 ad
492 1607 603 1672 llurnen
617 1627 706 1692 snpra
722 1608 1013 1688 demonstrauimus,
1036 1608 1138 1673 dextri
1153 1602 1233 1674 Cae·

51 1718 86 1773 lt
110 1709 191 1772 saris
214 1728 325 1775 cereus
345 1710 486 1775 cobortes
506 1708 678 1796 ignorantie
700 1709 757 1773 loci
783 1723 852 1775 sunt
868 1722 1009 1791 secutae,
1035 1733 1102 1776 cum
1118 1721 1234 1795 portam
1284 1696 1289 1708 ’

111 1821 294 1895 quaererent
322 1821 551 1896 metrumque
580 1832 646 1877 eam
677 1813 870 1878 munitionem
900 1835 970 1878 esse
999 1813 1232 1879 arbitrarentur.

111 1910 200 1995 Quod
221 1935 288 1979 curn
304 1925 385 1981 esset
400 1915 641 1981 animaduersum
656 1917 845 1985 coniunctam
861 1936 930 1981 esse
945 1916 1075 1995 llnnini,
1099 1916 1233 2001 prorutis
1248 1914 1269 1978 3

111 2016 325 2084 munitionibus
348 2017 529 2083 defendente
550 2017 633 2083 nullo
656 2021 922 2098 transcenderunt,
949 2021 1106 2107 omnisque
1128 2030 1235 2085 noster

112 2119 262 2202 equitatur
282 2140 335 2185 eas
359 2120 503 2185 cobortes
525 2130 573 2185 est
592 2132 726 2185 secutus.
758 2119 882 2186 lnwrinn
898 2121 1058 2207 Pompeius
1082 2123 1137 2186 bac
1157 2121 1233 2187 setis
1247 2120 1291 2191 bl

56 2232 89 2285 ts
110 2222 202 2306 longa
223 2222 383 2287 interiectu
396 2214 482 2288 saura
497 2233 529 2288 et
543 2244 578 2288 re
593 2225 728 2288 nonnata
744 2234 767 2288 V
782 2225 917 2308 legionen
932 2225 969 2288 ab
985 2245 1076 2309 opere
1091 2226 1234 2289 deductas

111 2324 249 2389 subsidio
262 2325 326 2389 suia
340 2324 439 2404 duxit,
448 2327 611 2410 eodemque
627 2338 760 2410 tempore
775 2327 926 2410 equitatus
940 2327 1007 2391 eius
1023 2327 1135 2391 nocuis
1152 2327 1234 2411 equi·

115 2426 197 2491 tibus
212 2426 493 2512 adpropinquabat,¹
510 2439 541 2495 et
555 2429 636 2494 scies
651 2430 800 2493 instructa
817 2449 834 2491 a
850 2428 986 2506 nostris,
1003 2428 1052 2512 qui
1068 2439 1168 2493 cestra
1184 2449 1235 2491 oc·

112 2540 318 2612 cepsueraat,
349 2530 548 2610 remedietur,
579 2531 737 2615 omniaque
759 2541 831 2595 sunt
851 2530 951 2595 subito
972 2539 1099 2594 mutata.
1138 2528 1272 2613 negiot

112 2628 296 2716 Pompeiana
317 2631 427 2698 celeris
447 2654 502 2718 spe
524 2632 649 2698 subsidii
664 2635 839 2699 confirmata
854 2632 892 2697 ab
907 2635 1071 2699 decumana
1087 2642 1172 2717 porta
1187 2653 1237 2697 re·

50 2743 90 2800 2⁰
112 2734 222 2799 sistere
244 2734 411 2801 conabatur
424 2746 513 2821 etque
531 2737 610 2801 ultro
625 2737 657 2801 in
673 2748 794 2802 nostros
808 2738 951 2823 impetunt
967 2735 1107 2801 faciebat
1139 2733 1234 2819 Equi·

116 2847 197 2902 tatas
210 2833 374 2918 Caeneus,
396 2840 476 2923 quod
491 2852 620 2926 angusto
635 2839 745 2905 itinere
761 2861 814 2925 per
828 2861 956 2927 aggeres
971 2838 1171 2919 ascendebat,
1188 2857 1236 2903 re·

115 2940 215 3024 ceptoi
236 2961 291 3005 sao
313 2942 421 3007 timens
444 2942 561 3009 initium
579 2944 666 3027 logne
682 2943 822 3008 laciebat.
852 2940 1004 3009 Dextrum
1020 2964 1134 3022 cornu,
1158 2939 1272 3026 quode

114 3054 183 3107 erat
196 3063 216 3107 a
230 3044 355 3109 sinhtro
369 3045 519 3111 seclusum
526 3092 542 3126 .,
567 3057 684 3112 terrore
700 3047 833 3133 equitum
848 3048 1077 3126 animaduerso,
1102 3067 1140 3111 ne
1155 3047 1237 3111 intra

114 3145 311 3211 munitionen
326 3149 556 3233 opprimeretur,
572 3170 608 3214 ea
624 3161 721 3236 parte,
738 3171 825 3235 quarn
840 3160 1011 3234 prorueret,
1028 3170 1096 3213 sese
1111 3149 1238 3231 recipie·

54 3255 91 3312 tt
112 3245 184 3327 bat,
207 3268 244 3313 ae
259 3249 393 3334 plerique
407 3272 447 3315 ex
463 3252 529 3332 bis,
557 3273 597 3317 ne
610 3253 642 3316 in
657 3254 814 3337 angustias
829 3252 1016 3327 inciderent,
1032 3272 1077 3312 ec
1090 3261 1117 3312 x
1132 3250 1237 3333 pedum

114 3351 280 3418 naaitione
300 3373 335 3418 se
349 3353 382 3423 in
397 3355 495 3419 lossas
510 3355 762 3442 praecipitabant,
789 3353 950 3440 priorisque
966 3349 1117 3437 oppressis
1134 3347 1239 3435 reliqui

224 3523 236 3576 1
253 3523 446 3592 fortissimeque
459 3542 485 3578 a.
591 3528 650 3581 Tito
664 3546 690 3592 a,
706 3526 739 3580 Τ.
753 3543 782 3577 u.
887 3523 994 3576 Pullone
1007 3523 1057 3586 ab,
1072 3520 1196 3572 Puleione
1210 3536 1236 3570 u.

154 3658 159 3665 .
222 3600 388 3657 mittio·
493 3612 558 3658 sese
571 3606 806 3658 demonstrauimus
820 3602 884 3655 odd.
899 3616 978 3669 supra
992 3601 1017 3650 b.
1140 3599 1240 3650 linru-

114 3686 249 3746 pemtae·
356 3685 540 3736 betummb.
646 3684 830 3752 pugnantesb.
936 3678 1131 3748 bcuthumb.

115 3757 315 3825 8qaaes,qus
330 3759 355 3810 b.
479 3760 510 3813 ld
524 3776 619 3813 cornus
631 3762 730 3824 Aldus,
745 3776 825 3811 coron
839 3759 914 3825 (clu.
1051 3757 1079 3808 ll
1095 3763 1240 3809 castrorum

117 3844 174 3885 earn
188 3835 215 3886 b.
319 3835 351 3888 tt
364 3836 503 3888 coniuncte
516 3852 533 3887 s
542 3838 566 3887 b.
673 3837 788 3904 prorutis
799 3838 971 3899 ciacconius,
987 3842 1063 3902 prout
1074 3834 1115 3887 bis
1128 3848 1168 3884 cc
1180 3833 1239 3885 cod.

117 3908 181 3963 Vra.
189 3928 201 3974 ,·
214 3912 331 3977 protinus
344 3913 385 3964 bia
398 3929 425 3964 ss.
532 3914 563 3965 15
578 3929 686 3979 usupra
698 3917 821 3980 ascripto
830 3929 879 3964 aa.
985 3912 1102 3977 legiones
1115 3939 1148 3950 -
1161 3912 1242 3963 dedu-

116 3992 175 4039 ctas
186 4002 253 4054 ego,-
273 3989 375 4053 lesione
388 4016 421 4027 -
434 3989 548 4040 deducte
568 3990 605 4043 bc
616 3995 659 4054 et,
680 3993 729 4056 qui
746 3989 893 4043 secusdum
904 3989 1029 4057 Beperls's'
1047 3991 1190 4042 silentium
1202 3990 1242 4041 le-

116 4067 230 4133 gionen,
243 4082 278 4132 c,-
297 4069 423 4132 leqlooeut
436 4097 469 4106 -
483 4069 620 4121 deductam
633 4085 661 4119 ss·
676 4070 705 4120 Ρ.
723 4069 780 4120 171.
932 4067 965 4120 17
978 4069 1202 4136 adpropinquabat
1214 4084 1240 4118 a.

228 4147 261 4200 18
273 4147 342 4213 legio
350 4148 506 4216 Pompeiana
519 4164 553 4211 ας
570 4147 726 4216 Pompeiano
739 4149 807 4200 enlm
820 4148 888 4211 leqio
902 4145 974 4209 edd,
987 4147 1114 4199 sedenim
1129 4162 1182 4198 om.
1198 4147 1213 4196 b
1225 4148 1243 4201 2

118 4225 187 4279 dett.
320 4227 353 4280 19
366 4229 461 4280 celeris
474 4228 606 4291 Fuimus,
621 4228 703 4279 celeri
716 4243 733 4278 s
748 4230 822 4278 ‘mse
834 4225 967 4293 pleriqus’
979 4228 1055 4287 (esse
1069 4229 1150 4279 ceteri
1165 4234 1243 4296 tppo-

118 4304 211 4355 thetae
223 4303 377 4372 debentur).
483 4305 517 4355 21)
530 4305 675 4357 conabatur
687 4306 852 4372 Steplsussus,
867 4310 1004 4354 conaturos
1013 4304 1088 4357 ‘esse
1100 4303 1242 4371 pleriqse'.

227 4383 298 4433 ultra
311 4399 338 4434 c.
461 4382 492 4437 21
508 4383 730 4449 ascendebatur).
870 4381 904 4433 ts
918 4381 1094 4433 animaduersl
1108 4383 1133 4432 b.

118 4459 152 4512 tt
164 4473 197 4511 ee
211 4467 301 4527 parte,
322 4475 398 4528 quana
418 4467 558 4526 prorueret
576 4473 642 4524 ego,
662 4474 694 4510 es·
707 4466 798 4525 parte,
819 4474 870 4527 qna
887 4458 1029 4525 proruebat
1040 4458 1116 4510 codd.
1136 4459 1168 4509 P.
1185 4456 1242 4508 lib.

228 4541 261 4593 2⁵
275 4541 315 4590 bis
328 4556 345 4591 n
358 4539 419 4591 edd.
433 4542 498 4589 oete
510 4538 585 4601 Ata,
599 4539 632 4589 iis
640 4536 723 4588 Aldus
731 4553 759 4589 as.
847 4552 879 4588 ex
894 4553 909 4588 s
924 4536 1015 4603 pedum
1029 4536 1172 4587 munitione
1181 4547 1241 4598 ego,

117 4634 133 4669 a
148 4619 241 4685 pedore
256 4619 406 4670 munitionis
420 4616 498 4668 codd.
512 4616 543 4667 Ρ.
559 4616 618 4669 itt·
775 4616 809 4668 te
822 4613 1031 4683 praecipitabant
1043 4614 1074 4664 P.
1089 4611 1240 4673 Manutius,

118 4696 295 4764 praecipitant
307 4713 324 4747 a
339 4699 411 4749 ‘mse
427 4697 534 4747 lautum
547 4708 601 4745 ross
615 4691 725 4744 orestes’.
