2646 5124
433 323 575 391 celtu
595 324 653 391 Vll
670 323 764 392 CAP.
782 324 934 390 29-32.
1243 327 1306 391 tte

126 500 348 567 existimarent.
372 496 441 563 Nec
454 498 565 576 minus,
582 519 669 581 quam
686 508 734 561 est
748 497 909 581 pollicitus,
927 495 1167 581 Vercingetorix
1181 498 1246 562 ani·
1262 498 1304 569 81

122 624 167 667 me
180 601 362 679 laborebat,
384 611 420 665 ut
439 600 569 683 reliquas
592 601 732 663 ciuitates
756 599 950 683 adiungeret,
973 610 1063 683 atique
1085 621 1138 664 eas
1160 601 1247 665 donis

118 703 441 791 pollicitationibusque
456 700 616 767 alliciebat.
640 701 719 765 Huic
734 703 778 766 rei
796 704 919 766 idoneos
935 703 1068 766 homines
1082 703 1243 786 deligebat,
1261 702 1283 765 2

119 830 245 893 qnorum
260 808 388 891 quisque
403 816 453 869 aut
469 807 606 870 oratione
623 806 745 868 subdola
768 816 817 868 aut
836 806 968 868 amicitia
985 806 1122 869 facillimo
1138 826 1246 890 capere

81 920 101 971 t
121 920 237 997 posset.
269 906 333 992 Qui
347 908 480 973 Auarico
496 918 670 993 expugnato
687 909 870 991 relegerunt,
888 909 1047 971 arnmodus
1059 908 1281 973 nestiendos·3

119 1034 174 1098 que
189 1022 299 1091 curat,
323 1011 431 1091 simul,
450 1022 482 1074 ut
496 1011 667 1075 deminutae
682 1012 785 1095 copiae
801 1013 1095 1095 redintegrarentur,
1119 1010 1281 1095 imperati

118 1127 236 1181 eertum
251 1135 406 1179 numerum
423 1113 545 1178 militnm
561 1113 753 1191 ciuitatibus,
779 1136 864 1196 quem
888 1124 919 1177 ot
934 1135 1019 1195 quam
1036 1126 1106 1177 ante
1121 1115 1199 1177 diem
1214 1114 1246 1177 iu

118 1229 221 1283 castra
235 1217 342 1281 adduci
358 1216 444 1295 uelit,
461 1237 495 1280 so
518 1216 694 1301 ‘ttariosque
710 1238 825 1293 omnes,
844 1238 967 1299 quorum
984 1227 1052 1279 erat
1065 1237 1246 1301 permagnus

118 1340 264 1386 numerus
278 1320 311 1385 in
327 1316 438 1397 Galba,
455 1238 591 1413 coffimiri
606 1321 689 1384 etad
704 1342 739 1383 sc
754 1319 831 1382 mitti
847 1318 941 1382 inbct.
988 1317 1045 1383 llis
1061 1320 1151 1383 rebus
1167 1320 1246 1383 cele·

70 1430 98 1487 n
117 1424 194 1489 riter
207 1423 251 1502 id,
268 1422 347 1507 quod
361 1421 488 1485 Auarici
505 1418 687 1505 deperierat,
704 1424 853 1507 expletur.
894 1419 1016 1486 interim
1031 1420 1241 1499 Teutomatus,
1259 1418 1279 1485 5

116 1522 308 1593 0lleoiconis
324 1525 422 1601 lilius,
445 1545 505 1589 rex
518 1523 742 1609 Nitiobrigum,
760 1526 845 1589 euius
860 1536 946 1609 pater
960 1525 998 1589 ab
1013 1536 1121 1588 senato
1137 1535 1244 1588 nostro

116 1628 232 1695 amiens
252 1638 321 1693 eret
339 1626 524 1713 appellatus,
548 1650 616 1692 cum
636 1649 744 1713 magno
767 1628 898 1711 equitum
921 1649 1044 1691 suerum
1066 1648 1191 1691 numero
1213 1637 1244 1690 et

116 1752 192 1817 ques
206 1751 250 1795 ex
261 1730 427 1814 Aquitania
442 1732 631 1796 conduxerat
644 1733 681 1795 ad
697 1753 764 1796 eum
780 1732 927 1815 pemenit.

203 1828 322 1898 Caesar
334 1831 461 1897 Auarici
483 1836 650 1918 complures
674 1836 737 1898 dies
759 1845 959 1897 commoratus
982 1854 1184 1917 summamque
1200 1832 1239 1895 ibi
1254 1831 1298 1902 32

66 1942 93 1999 u
113 1936 235 2021 cepisse
251 1936 392 2000 frumenti
407 1946 438 1999 et
452 1937 557 2020 reliqui
567 1949 751 2001 commeatus
761 1948 888 1999 conuictos
898 1938 1065 1999 exereitum
1081 1958 1123 1999 ex
1137 1935 1240 1999 labore

113 2048 211 2121 etque
226 2036 450 2121 inepiereieeit.
468 2036 531 2103 lam
548 2061 639 2124 prope
655 2041 752 2103 bieme
768 2042 903 2102 conlecta
919 2059 984 2099 eum
1001 2039 1064 2119 ipso
1080 2039 1149 2100 anni
1167 2038 1277 2102 tem-2

114 2158 195 2224 pore
210 2139 249 2203 ad
263 2140 421 2224 gemundum
442 2139 553 2205 bellum
576 2153 740 2205 uocaretur
760 2151 791 2205 et
814 2141 850 2203 ad
873 2139 988 2202 bostem
1005 2140 1154 2223 proticisci
1169 2161 1241 2203 con·

114 2241 291 2320 stituisset,
312 2240 378 2307 siue
398 2264 467 2308 enm
487 2265 529 2309 ex
544 2245 698 2327 paludibus
713 2244 860 2327 siluisque
876 2242 986 2306 elicere
1003 2241 1070 2304 siue
1086 2241 1242 2305 obsidione

115 2364 258 2429 premere
273 2355 392 2429 posset,
416 2347 508 2431 legati
524 2349 561 2411 ad
576 2369 642 2411 eum
659 2348 808 2432 principes
825 2344 1016 2409 llaeduorum
1033 2344 1159 2407 ucuiunt
1174 2364 1242 2406 ora·

67 2450 201 2527 utum,
226 2458 260 2511 nt
280 2448 413 2513 maxime
435 2453 608 2515 necessario
631 2462 765 2535 tompore
786 2450 901 2513 ciuitati
924 2448 1100 2512 subueuiat:
1124 2444 1277 2511 snmmoil

115 2568 188 2613 esse
211 2548 243 2613 iu
265 2552 400 2635 periculo
414 2574 497 2631 rem,
521 2556 616 2637 quod,
640 2575 705 2617 cocu
730 2552 840 2635 singuli
865 2552 1054 2636 nuagistratus
1076 2549 1240 2634 antiquitus

114 2652 216 2717 creari
230 2662 320 2737 etque
334 2655 448 2739 regiam
463 2667 642 2739 potestatem
658 2677 768 2719 annuum
785 2654 921 2717 obtinere
937 2665 1154 2732 consuessent,
1184 2653 1240 2717 duo

114 2755 326 2839 magistratum
340 2768 451 2843 gerant
472 2769 504 2823 et
524 2780 558 2824 se
574 2770 699 2843 uterque
714 2780 816 2822 eornm
832 2757 947 2841 legibus
963 2768 1096 2821 creatum
1112 2778 1179 2823 esse
1195 2756 1239 2819 di-

115 2868 177 2921 eat.
209 2856 326 2923 ilerum
342 2880 411 2927 esse
425 2861 551 2927 alterum
568 2858 852 2939 Conuictolitauem,
870 2862 1024 2924 llorentem
1042 2871 1072 2924 et
1082 2861 1238 2924 inlustrem
1254 2856 1276 2920 4

68 2962 95 3021 lt
115 2960 361 3042 eduleseeotem,
388 2963 514 3030 alterum
531 2960 660 3041 Cotum,
685 2965 892 3047 antiquissima
910 2964 1018 3026 lacuuilia
1035 2973 1134 3024 natum
1151 2972 1240 3043 atque

113 3063 211 3147 ipsum
227 3064 376 3129 bominem
398 3088 533 3132 summae
555 3068 707 3153 potentiue
730 3079 759 3131 et
782 3087 907 3149 magnae
923 3064 1129 3148 regnerationis,
1155 3063 1240 3124 ouius

115 3166 213 3230 freter
238 3164 413 3233 Valetiacus
437 3171 575 3254 proximo
597 3191 677 3234 anno
700 3170 827 3233 eundem
860 3168 1065 3250 magistratum
1097 3165 1238 3249 gesserit.

114 3330 186 3397 μί’,
200 3331 324 3399 potienda
337 3342 365 3385 et
377 3335 533 3402 perferenda
547 3336 728 3386 existimarent
740 3334 833 3385 bede.
949 3333 965 3383 2
979 3340 1057 3398 utque
1070 3346 1116 3381 ees
1129 3330 1153 3380 B
1167 3329 1241 3379 ‘reli-

114 3406 188 3475 qui’,
206 3417 284 3476 etque
296 3426 385 3463 eurem
398 3415 528 3480 principes
542 3414 638 3465 bede.
791 3412 865 3462 donis
879 3410 1163 3478 pollicitationibusque
1176 3424 1193 3457 e
1203 3408 1240 3457 bc

114 3488 169 3553 de,
182 3490 261 3541 bouis
273 3492 507 3557 pollicitutiouiboe
520 3493 544 3543 B
559 3490 694 3556 ‘reliqui’.
799 3490 814 3541 3
828 3491 953 3540 ollicebat
965 3489 999 3539 A.
1113 3486 1238 3550 diligebat

116 3566 148 3617 C.
277 3569 402 3636 impero
415 3570 448 3632 A,
463 3569 521 3636 cepi
534 3584 591 3632 eu,·
604 3584 657 3619 eru.
672 3568 696 3618 B
711 3568 817 3617 ‘ruentem
831 3583 866 3616 cat
879 3568 953 3617 urceis¹
966 3571 994 3617 et
1005 3570 1033 3615 to
1046 3567 1081 3615 iis
1096 3563 1129 3617 0.

113 3644 289 3711 belligerent
301 3648 327 3698 b.
433 3649 448 3699 e
461 3649 609 3699 deminutus
623 3646 699 3710 bed,
715 3646 856 3696 diminutae
870 3647 892 3697 ll
907 3644 1042 3710 ‘reliqui’.
1142 3641 1158 3694 7
1171 3642 1239 3693 diem

114 3731 143 3775 et
152 3732 244 3777 cestre
255 3726 292 3777 A.
406 3728 423 3780 8
435 3742 544 3792 magnius
556 3727 591 3778 A.
713 3726 729 3777 9
742 3740 863 3775 numerus
877 3725 902 3775 in
916 3723 1002 3775 Gellio
1015 3723 1039 3773 B
1050 3727 1078 3772 et
1089 3721 1198 3787 reliqui,
1213 3721 1239 3770 in

114 3802 201 3857 Gellia
215 3820 338 3857 uumerus
351 3804 422 3871 b(e).
531 3806 562 3857 to
576 3804 744 3856 Teutomatus
758 3803 821 3869 (B),
836 3803 1007 3855 Teutomatus
1021 3802 1053 3863 05
1067 3800 1238 3851 'l’eutometus

114 3882 140 3933 A
146 3880 209 3933 ted
215 3898 239 3933 e.
376 3883 404 3935 ll
420 3882 594 3933 Sollouiconie
608 3883 641 3943 D,
655 3881 816 3933 Attouieonis
830 3880 900 3933 bed.
1026 3877 1202 3943 Nitiobrogum
1217 3877 1239 3927 B

117 3960 189 4011 'nu-
200 3960 348 4025 plerique'.
454 3960 484 4013 ll
497 3962 603 4013 Auarici
617 3966 679 4024 cet,
694 3964 725 4010 ut
734 3966 814 4025 puto,
829 3974 854 4024 o,
869 3963 897 4010 tn
910 3976 963 4025 que
977 3960 1157 4011 Acboiutrr'ur
1170 3959 1238 4010 Aun-

114 4036 169 4089 riee
182 4038 242 4105 lege·
253 4038 358 4102 trodit5
372 4039 485 4091 Auarico
495 4041 551 4091 AB
561 4040 626 4091 01).
735 4039 765 4091 15
779 4046 871 4089 neotus
881 4040 913 4101 A,
929 4046 1021 4091 uectus
1034 4038 1145 4103 reliqui.

116 4114 291 4167 ldreflcitA.
398 4117 641 4169 llinstiteissetA.
749 4115 968 4183 lipreemerell.
1074 4115 1238 4167 ueneruntb.

219 4192 460 4249 wenbmniretb.
583 4195 800 4249 22euuuenbe.
919 4194 1240 4251 thoonictolituuemB

116 4270 209 4335 (κει),
223 4270 455 4324 Conuictoliteuim
469 4274 494 4337 b,
508 4272 732 4325 Conuittelitetem
745 4287 775 4336 ος
788 4271 1024 4325 Conuictolittnem
1038 4288 1066 4324 u.
1171 4270 1240 4321 inlu-

112 4358 191 4404 strem
202 4351 234 4404 B.
357 4352 392 4405 tt
404 4352 599 4405 adulescentem
612 4353 637 4403 A
645 4352 668 4404 C
677 4353 712 4415 l),
725 4351 913 4403 edulleeeutem
927 4353 958 4403 ll.
1096 4349 1198 4400 cottum
1213 4347 1238 4396 b.

221 4430 257 4482 2⁷
269 4427 423 4483 Veletincns
434 4430 459 4483 B
465 4429 547 4494 ece,
562 4430 674 4482 eltieens
688 4446 717 4492 e,·
732 4427 891 4482 ‘Voletietus
904 4431 950 4481 uel
960 4428 1114 4480 Velecintus
1126 4428 1152 4477 A
1163 4426 1186 4477 C
1199 4423 1236 4475 b'.
