2646 5124
354 39 1221 657 ²¹¹1

29 723 157 791 llbeno’
172 738 206 791 et
222 727 274 790 ‘in
290 725 469 792 0eeanum'
485 729 546 793 iam
561 730 721 806 correxit,
742 723 794 810 qui
807 720 939 787 codiccnt
953 714 1157 785 vindebonen-
1196 720 1221 763 Ξ

29 846 94 889 aem
110 838 249 910 quartum
272 830 418 913 scripsit,
442 831 497 896 sed
513 832 644 907 retentis
658 826 865 916 superioribus
879 822 982 889 net-bic
1005 820 1058 886 ‘in
1071 816 1159 887 orne
1198 826 1221 867 Ἰ

29 949 100 992 nuru
116 928 243 993 induit':
267 930 367 996 Aldus
383 933 486 996 omnia
510 934 573 1007 ita,
599 944 740 1017 utsupra
756 928 862 1017 poam,
883 926 997 1006 edidit,
1021 922 1080 989 ttici
1094 920 1162 1007 qul
1203 936 1221 973 Ἐ

29 1029 130 1092 minus
145 1030 345 1114 probabiliter
360 1056 422 1097 nnn
440 1036 490 1098 ‘ab
506 1034 641 1114 lllteno’,
658 1036 714 1100 ned
731 1034 783 1097 ‘ab
797 1032 845 1097 en'
860 1026 996 1113 scripsit.
1028 1024 1106 1091 niti
1118 1044 1163 1091 u·
1204 1038 1221 1079 1

28 1150 64 1193 no
79 1128 135 1209 ita,
152 1144 188 1195 at
202 1134 280 1209 diui,
299 1130 469 1202 Caesarem
485 1158 521 1201 re
536 1158 609 1201 uera
626 1136 791 1221 scripsisse
805 1152 983 1219 pernoscant
999 1136 1060 1195 eet.
1085 1124 1165 1211 Qud
1205 1144 1221 1183 Ι

28 1230 109 1295 enim
125 1230 332 1303 Schneiderue
347 1259 408 1302 uon
425 1238 564 1323 intellegi
579 1248 686 1322 putat,
710 1260 767 1303 cur
780 1234 870 1301 blora
886 1254 948 1298 non
963 1232 1085 1319 longine
1097 1228 1166 1295 nit»
1211 1250 1221 1289 ι

28 1330 84 1397 bue
100 1356 244 1418 passuum
260 1338 393 1405 LXXX
407 1342 445 1404 ab
460 1340 573 1406 Rheno
586 1342 620 1405 iu
628 1336 789 1407 Oceanum
804 1340 933 1403 iuduere
947 1336 1082 1413 dicetur,
1096 1330 1167 1419 qdod
1210 1354 1221 1393 t

27 1456 126 1518 genua
142 1437 285 1523 loquendi
301 1442 341 1505 ibi
358 1443 457 1506 locum
474 1443 598 1521 babeat,
614 1442 666 1507 nbi
680 1442 802 1528 longina
816 1441 948 1527 epatium
963 1448 1166 1525 expectem
1218 1470 1221 1495 :

28 1535 78 1601 laic
93 1560 212 1623 qunque
228 1564 264 1606 ea
280 1544 456 1629 expectatio
472 1554 550 1609 erat.
598 1542 681 1609 Nam
702 1555 738 1610 ut
759 1545 820 1609 dno
842 1562 952 1627 magna
976 1540 1102 1605 llnminn
1115 1548 1168 1603 lan
1210 1560 1221 1603 ι

29 1640 200 1723 propinque
214 1646 315 1728 apetie
330 1647 362 1710 ia
377 1648 620 1723 monument,
636 1668 714 1713 sane
728 1657 853 1732 praeter
866 1644 1114 1733 expectationem
1125 1660 1170 1707 ee·
1214 1668 1221 1707 t

28 1738 161 1804 cidebat.
754 1756 758 1761 '
1212 1770 1221 1811 a

120 1838 207 1908 Satis
222 1847 361 1916 difficilia
376 1862 460 1931 sunt,
479 1876 558 1939 qnae
572 1876 601 1921 c.
617 1854 674 1935 22,
691 1854 891 1940 dleqnntnrr
920 1848 1079 1916 ‘Nauibus
1092 1846 1172 1913 cirti-
1219 1852 1221 1857 '

31 1937 381 2020 terLXXXouerariis
398 1958 513 2023 coactis
529 1959 768 2041 contractisque,
784 1966 858 2039 quot
872 1954 951 2019 satia
965 1974 1040 2019 esne
1052 1952 1092 2045 etl
1106 1952 1173 2017 dent
1214 1976 1221 2015 ι

31 2048 288 2127 transportandas
304 2058 441 2143 legiones
457 2061 671 2137 existimabat,
697 2060 776 2143 quod
797 2068 961 2142 praeterea
975 2056 1103 2121 nn'ninra
1115 2054 1174 2119 lca-
1213 2080 1221 2121 ι

33 2162 142 2225 garum
159 2150 303 2235 babebat,
322 2165 499 2243 quaestori,
516 2165 625 2250 legatis
641 2160 863 2248 praefectisque
878 2158 1044 2224 attribuit'.
1090 2154 1176 2223 cati·
1215 2188 1218 2201 =

34 2262 103 2308 oum
120 2250 326 2343 discrepantia
344 2264 481 2331 hocloco
497 2267 574 2331 leuis
589 2276 648 2330 cst.
686 2263 769 2329 Nam
785 2283 839 2348 pro
857 2258 1042 2341 ‘LXXX'c
1059 2260 1176 2345 *llll*
1218 2290 1221 2327 ¹

36 2366 140 2461 aperus
156 2356 188 2420 iu
205 2362 292 2427 codd.
311 2366 510 2454 interpolatae
527 2368 656 2432 lamiliae
672 2378 703 2431 et
717 2365 896 2449 quibusdam
918 2364 1127 2428 deterioribus
1139 2362 1178 2427 lc·

36 2459 122 2531 &tur
137 2462 396 2551 confirmaturque
419 2472 455 2533 ab
472 2468 584 2535 Oresio
601 2467 666 2545 Vl,
692 2467 733 2547 ll,
758 2469 790 2532 in
815 2467 943 2551 reliquis
963 2466 1114 2551 scripturn
1137 2472 1180 2529 ccl

39 2554 241 2667 {octingentis
257 2572 435 2654 octogiuta'.
461 2572 578 2637 Deinde
593 2594 654 2636 non
672 2578 764 2654 ‘quet
778 2570 870 2633 satis'
886 2580 974 2646 cett,
992 2568 1179 2633 seductione

37 2675 70 2717 tu
85 2656 337 2749 inscriptionibus
354 2696 470 2758 quoque
486 2686 649 2761 peruagata
675 2672 790 2756 ‘quod'
813 2672 843 2735 in
863 2672 987 2755 optimis
1002 2672 1093 2735 codd.
1110 2670 1182 2736 scri·

40 2766 123 2842 plum
141 2777 208 2829 est:
227 2778 383 2839 numerale
394 2778 553 2840 relatiuam
567 2775 742 2842 necessario
753 2774 867 2856 requiri
882 2785 988 2858 postea
1001 2774 1181 2839 uidebimus.

41 2854 103 2925 Μ
119 2865 249 2944 trimum
266 2896 421 2960 perperam
443 2880 593 2961 octoginta
615 2900 710 2943 naues
733 2878 892 2941 onerariae
915 2888 1044 2942 coactae
1065 2888 1184 2943 contre·

45 2972 172 3046 ctacque
184 2972 337 3055 dicuutur,
355 2981 471 3043 duobus
484 2982 585 3045 uerbis
600 2983 678 3045 idem
693 2980 934 3063 significantibus
951 2981 990 3044 de
1004 3000 1069 3044 una
1083 3000 1119 3045 re
1134 3000 1184 3065 pc·

45 3065 126 3138 sitis.
172 3070 286 3163 Neque
309 3081 337 3143 id
361 3083 579 3147 incommodum
596 3086 637 3147 ita
655 3103 813 3147 remouere
829 3084 913 3159 lieet,
930 3083 1184 3165 quemadmodum

47 3170 236 3248 Scbueidcro
253 3182 350 3249 uisum
367 3200 426 3261 est,
442 3198 477 3250 ut
491 3197 613 3250 coactae
628 3207 722 3251 naues
744 3184 964 3270 intellegantur
987 3186 1125 3269 undique
1138 3204 1187 3249 ec·

47 3281 127 3354 eine
143 3288 174 3343 et
189 3288 354 3352 conuenire
370 3291 483 3367 iussae,
501 3300 686 3366 contractae,
703 3308 779 3371 quae
794 3288 854 3351 iarn
870 3298 1097 3351 conuenerant.
1121 3286 1188 3351 llcn

48 3386 130 3461 enim
147 3384 307 3453 discrimen
324 3394 354 3455 in
370 3395 430 3456 illis
445 3394 547 3455 uerbis
563 3413 624 3455 nou
638 3392 731 3454 inest.
767 3388 897 3453 Accedit
911 3389 1009 3453 altera
1025 3388 1189 3453 dillieultac

50 3504 147 3569 eaque
163 3488 271 3551 maior.
304 3490 342 3554 C.
361 3495 440 3555 enim
455 3491 510 3569 29,
527 3494 548 3555 2
565 3495 637 3558 haec
653 3494 813 3577 legunturr
846 3490 910 3555 ‘lta
929 3513 989 3554 uuo
1005 3498 1191 3576 tempor-eet

51 3601 160 3671 longas
175 3608 282 3666 naues,
300 3592 406 3671 quibus
423 3588 540 3655 Caesar
555 3597 722 3659 exereitum
743 3594 1008 3676 transportandum
1025 3600 1192 3658 curaneret

54 3707 187 3787 quasque
203 3688 234 3749 in
249 3690 365 3751 aridum
381 3694 586 3775 subduxerat,
610 3708 713 3762 aestus
729 3695 951 3778 compleuerat,
968 3707 1000 3760 et
1014 3696 1190 3773 nomadas,

55 3815 133 3889 qnae
154 3791 192 3854 ad
215 3808 341 3851 ancoras
363 3804 452 3855 eraut
476 3796 643 3881 deligatae,
675 3802 838 3880 tempestas
868 3800 1058 3862 alllirtabat'.
1106 3797 1193 3863 llaec

57 3907 160 3990 aperte
175 3893 224 3965 iis,
243 3909 319 3972 quae
334 3895 489 3972 superiore
507 3899 572 3965 loeo
585 3902 736 3984 leguntur,
753 3901 907 3963 contraria
918 3911 1007 3964 sunta
1026 3902 1194 3965 soliseninn

58 3996 206 4071 onerariis
227 3991 267 4055 ibi
291 3990 425 4069 legiones
448 4007 671 4086 transportatus
694 4022 762 4066 esee
785 4002 936 4066 dicuntur.
983 4001 1194 4067 Schneiderne

58 4119 158 4171 autem
174 4097 277 4161 miram
301 4092 448 4170 quandam
464 4096 609 4169 Caesarie
632 4105 881 4169 consuetudinem
896 4107 1109 4191 excogitauit,
1137 4124 1197 4189 que

59 4230 141 4284 eum,
159 4198 234 4285 quod
249 4194 345 4258 altero
360 4189 427 4252 loeo
442 4201 600 4287 omiserat,
618 4211 714 4274 altero
726 4207 883 4292 supplesse
892 4210 1068 4271 existimat:
1088 4210 1197 4296 deque

58 4330 94 4374 re
117 4308 267 4390 disputare
294 4287 368 4354 nibil
395 4292 517 4400 attinet.
565 4306 619 4375 Ex
639 4313 690 4376 illa
711 4311 818 4395 duplici
842 4310 1022 4375 dillicultate
1043 4309 1196 4376 euadendi

59 4431 150 4475 uuam
165 4404 309 4471 rationem
326 4404 465 4468 “delmi
490 4412 527 4463 ¹12
548 4424 720 4480 contractas
734 4434 828 4478 naues
843 4434 903 4477 non
918 4415 1041 4478 easdem
1056 4414 1117 4477 diei
1134 4423 1198 4479 sta·

59 4522 188 4589 tuamne,
206 4520 280 4592 quae
296 4493 422 4557 ⁰⁰¹¹0¹⁸⁰
437 4508 542 4574 ‘mli’
560 4504 691 4583 LXXX
704 4518 870 4594 onerarias,
888 4517 941 4581 scd
955 4537 1049 4580 naues
1064 4492 1212 4601 genera-⁹

58 4610 139 4696 liter,
155 4610 244 4682 uerba
258 4608 365 4672 aulem
383 4590 565 4667 “1¹¹⁰ldtttis
580 4630 651 4685 cose
664 4624 702 4689 ad
715 4624 788 4691 duas
800 4620 1047 4706 unnspommdas
1056 4619 1214 4711 legionen-
