2646 5124
493 573 797 641 —11-

84 747 165 811 uano
186 745 392 831 exprobrasse
412 747 525 825 tradit,
552 749 628 832 quod
657 749 828 832 pudicitiam
847 772 868 817 a
888 747 1024 820 Caesare
1046 758 1210 831 delibata-

79 849 153 914 Aulo
167 851 259 914 etiam
275 848 379 913 Hirtio
401 849 434 913 in
450 848 595 934 Hispania
618 847 702 916 CCC
725 853 844 918 milibus
865 876 987 921 numum
1002 859 1206 933 substrasset.

78 950 206 1017 Indidem
222 973 293 1016 eum
309 948 455 1017 Ciceroni
469 953 578 1018 librum
594 954 715 1018 misisse
731 955 893 1032 existimo,
917 959 1023 1044 inquo
1039 964 1209 1048 collegerat

77 1057 145 1119 uitia
160 1050 304 1134 Catonis,
322 1066 357 1118 ut
371 1055 423 1119 ille
436 1056 544 1120 scribit
558 1059 594 1122 ad
610 1058 677 1122 Au.
696 1057 779 1138 Xll,
796 1059 857 1139 40,
878 1061 916 1138 1,
932 1084 1018 1145 quem
1035 1087 1084 1149 ep.
1103 1067 1167 1147 41,
1184 1070 1208 1135 d

75 1156 286 1245 πρόπλασμα
310 1158 369 1221 sibi
393 1159 488 1222 uideri
510 1160 554 1222 ait
568 1161 634 1226 eius
658 1162 908 1245 uituperationis,
932 1185 1017 1248 quam
1034 1163 1153 1232 Caesar
1167 1172 1206 1236 de

76 1258 190 1326 Catone
205 1261 394 1345 scripsisset.
418 1259 502 1326 Nam
510 1263 713 1328 Anticatones
728 1286 745 1327 a
762 1260 897 1329 Caesare
911 1266 968 1329 snb
983 1278 1099 1354 tempus
1114 1269 1206 1337 Mun·

75 1365 172 1428 densis
188 1364 299 1448 proelii
323 1365 479 1430 conlectos
494 1386 564 1430 esse
578 1387 621 1430 ex
636 1363 723 1432 Suet.
742 1364 834 1431 Caes.
851 1367 895 1433 56
909 1370 1034 1434 scimus.
1065 1369 1130 1435 ΧΠ
1152 1395 1205 1437 au·

75 1477 143 1544 ten,
160 1465 216 1546 37,
235 1462 385 1530 scitoto
401 1466 534 1532 Atticum
551 1470 712 1533 certiorem
729 1470 802 1533 iacit
817 1469 855 1534 ab
870 1469 973 1535 Hirtio
988 1472 1044 1535 sibi
1061 1476 1205 1558 scriptum

75 1590 139 1634 esse
154 1566 288 1634 Sextum
303 1566 478 1654 Pompeium
495 1567 639 1637 Corduba
660 1573 765 1636 exisse
786 1583 818 1636 et
840 1574 953 1655 fugisse
975 1574 1006 1636 in
1028 1572 1206 1659 Hispaniam

74 1674 265 1750 citeriorem,
291 1673 361 1736 item
378 1670 517 1737 Gnaeum
542 1676 666 1760 fugisse.
712 1672 776 1738 Has
799 1675 917 1740 litteras
940 1674 1061 1740 Hirtius
1082 1677 1206 1743 dederat

73 1773 220 1839 Narbone
235 1796 266 1838 a.
285 1774 315 1837 d.
332 1771 411 1841 xlv
428 1773 497 1841 Cal.
513 1774 591 1841 Mai.
615 1778 671 1841 boc
687 1789 734 1841 est
749 1799 840 1842 nuum
857 1781 921 1843 lere
936 1800 1069 1844 mensem
1084 1793 1204 1864 postea·

72 1899 154 1961 quam
171 1878 210 1941 ad
227 1875 373 1941 Mundam
396 1888 557 1964 pugnatum
585 1888 651 1957 est,
674 1881 753 1962 quod
774 1879 920 1965 proelium
933 1879 1146 1961 Liberalibus,
1170 1904 1201 1947 a.

72 1982 99 2045 d.
114 1978 196 2044 XVI
213 1975 286 2044 Cal.
303 1981 426 2064 April,
450 1982 626 2047 factumest
647 1983 700 2067 (b.
718 1981 806 2066 Hisp.
823 1982 882 2062 31,
908 1984 962 2068 8).
1007 1983 1094 2049 Nibil
1108 1987 1204 2069 igitur

72 2085 225 2147 etiamtum
242 2081 364 2147 Hirtius
379 2083 416 2146 de
431 2097 528 2150 morte
543 2081 602 2149 Cn.
622 2082 757 2169 Pompeii
779 2086 982 2152 adolescentis
997 2098 1201 2173 compererat,

73 2188 154 2251 euius
168 2196 263 2270 eaput
283 2185 314 2248 b.
332 2184 422 2271 Hisp.
444 2185 488 2250 39
503 2199 583 2252 extr.
600 2188 697 2273 pridie
717 2186 763 2252 Id.
786 2189 885 2274 April.
911 2189 1056 2276 Hispalim
1080 2191 1203 2255 allatum

75 2308 140 2354 esse
153 2292 305 2354 retertur.
338 2287 446 2373 ltaque
459 2290 547 2374 paulo
561 2301 631 2375 post
645 2288 816 2357 Mundense
832 2294 977 2378 proelium
1000 2293 1036 2357 ab
1063 2294 1203 2357 exercitu

75 2393 251 2457 discessisse
265 2403 298 2456 et
312 2394 345 2456 in
360 2390 489 2457 Galliam
505 2396 659 2478 proiectus
674 2416 745 2459 esse
759 2395 892 2459 uidetur.
940 2393 996 2458 His
1018 2397 1108 2458 rebus
1130 2415 1204 2458 con·

73 2497 219 2574 sentiunt,
237 2514 316 2578 quae
331 2495 362 2558 in
377 2496 452 2580 ipsis
468 2497 694 2561 commentariis
707 2498 744 2561 de
758 2499 906 2583 scriptore
921 2499 1111 2572 referuntur,
1128 2516 1203 2578 quae

73 2599 186 2682 quidem
203 2598 395 2662 librariorum
410 2599 507 2662 errori
523 2599 656 2664 obnoxia
671 2621 732 2663 uon
749 2603 883 2664 luerunt.
907 2598 988 2664 Nam
1005 2620 1082 2683 quae
1098 2599 1203 2680 legun-

72 2711 117 2767 tur
131 2702 163 2765 b.
180 2700 278 2765 Alex.
297 2700 336 2778 3,
360 2703 375 2765 1
401 2703 437 2766 de
458 2703 548 2767 rebus
562 2702 771 2767 Alexandriae
786 2703 880 2786 gestis
898 2713 986 2785 ‘quae
1001 2725 1019 2766 a
1035 2702 1122 2765 nobis
1137 2701 1204 2765 lieri

72 2805 226 2869 uiderant’
248 2815 280 2869 et
296 2804 355 2884 19,
370 2803 393 2869 6
416 2805 657 2889 ‘pugnabatura
674 2804 760 2868 nobis
777 2826 817 2868 ex
835 2816 924 2890 ponte
934 2806 954 2883 ’,
980 2827 1068 2870 neura
1084 2804 1203 2869 dubita-

71 2907 131 2986 bit,
155 2909 230 2991 qniu
251 2908 315 2972 illis
328 2908 495 2972 bominibus
511 2909 573 2971 sint
587 2909 763 2986 tribuenda,
789 2919 821 2972 et
840 2908 936 2972 altero
950 2910 1017 2973 loco
1033 2919 1115 2973 recte
1130 2919 1204 2973 aute

73 3008 318 3094 Oudendorpium
341 3022 379 3073 ‘a
393 3010 523 3075 uostris’
550 3011 674 3090 editum,
691 3012 828 3094 idemque
844 3012 947 3096 priore
962 3013 1130 3097 ponendum
1146 3011 1202 3074 sit.

72 3111 183 3195 Neque
198 3134 252 3195 pro
267 3115 437 3178 testimonio
461 3114 565 3178 baberi
586 3124 702 3198 potest,
726 3113 805 3200 quod
826 3113 856 3176 b.
878 3112 968 3199 Hisp.
992 3112 1054 3193 38,
1080 3113 1120 3192 5,
1143 3134 1205 3197 quo

73 3216 147 3279 loeo
161 3215 200 3277 de
220 3217 306 3280 caede
320 3212 380 3280 Cu.
402 3214 541 3300 Pompeii
563 3217 693 3279 relatum
708 3225 774 3293 est,
799 3215 831 3277 in
854 3214 928 3279 Par.
953 3237 1017 3280 seo.
1035 3214 1128 3278 Leid.
1152 3236 1203 3297 pr.

74 3317 250 3399 duobusque
270 3318 467 3382 deterioribus
489 3317 577 3380 codd.
603 3316 715 3398 legitur
738 3317 790 3379 ‘in
805 3318 935 3379 aduentu
950 3339 1008 3380 nos
1024 3314 1203 3397 depelluut‘.

72 3418 182 3487 Editur
196 3420 238 3483 ibi
261 3421 377 3484 ‘nostri
392 3419 620 3505 depelluntur':
646 3428 729 3480 tutus
745 3419 863 3500 quidem
880 3417 964 3481 loeus
980 3415 1206 3501 perturbatissi-

73 3544 136 3587 rms
152 3533 215 3587 eet.
245 3519 416 3607 Supersunt
430 3523 516 3587 baec.
539 3519 588 3585 De
602 3518 632 3583 b.
651 3519 745 3583 Ales.
763 3518 818 3599 74,
836 3517 869 3599 3,
886 3520 939 3585 ubi
953 3521 990 3584 dc
1004 3520 1117 3603 proelio
1134 3542 1205 3585 cnm

72 3623 229 3689 Pbarnace
244 3647 263 3689 a
279 3621 414 3711 Caesare
430 3627 510 3689 laeto
525 3625 646 3702 dicitur,
665 3623 707 3687 ita
721 3623 866 3706 scriptum
888 3635 954 3688 estc
988 3623 1050 3687 ‘m
1063 3622 1204 3690 Pburua·

73 3748 123 3793 ees
137 3729 285 3813 impulsus
300 3727 367 3793 siue
386 3728 446 3791 loci
468 3728 611 3792 felicitate
633 3727 699 3791 siue
720 3726 862 3811 auspioiis
884 3737 917 3791 et
938 3727 1135 3811 reliffl'ouibus
1156 3728 1203 3791 in·

73 3832 195 3909 ductus,
211 3830 319 3913 quibus
333 3831 557 3915 obtemperasse
572 3852 639 3895 eunt
654 3841 760 3914 postes
774 3829 982 3894 audiebamus'
1013 3841 1110 3908 cett,
1126 3850 1205 3913 quae

72 3935 164 3999 scribi
180 3955 242 3998 non
257 3943 420 4017 potuerunt
442 3933 501 3997 nisi
523 3932 561 3996 ab
576 3952 633 4011 co,
657 3933 709 4015 qui
729 3953 846 4018 pugnae
867 3932 1058 3998 interluisset
1077 3952 1207 4014 eamque

72 4058 135 4101 rem
151 4058 194 4102 ex
213 4038 340 4121 captiuis
361 4047 534 4120 cognosset.
576 4033 657 4099 Num
679 4035 804 4117 quinon
827 4036 982 4112 affuisset,
1008 4035 1109 4118 inepte
1123 4056 1158 4098 se
1172 4033 1206 4097 id

74 4154 177 4224 postea
193 4139 314 4204 audisse
329 4141 456 4214 diceret,
473 4139 553 4222 quod
567 4148 657 4201 autea
672 4138 778 4201 andire
794 4136 915 4200 omnino
930 4137 1097 4219 nequisset.
1127 4134 1204 4199 ltcm

75 4244 123 4327 qni
138 4244 249 4309 librum
265 4243 302 4307 ile
317 4242 347 4307 b.
364 4241 455 4327 Hisp.
482 4240 651 4325 composuit
672 4250 704 4304 et
724 4251 794 4304 ante
809 4236 1009 4304 Mundensem
1024 4259 1153 4323 pugnam
1169 4258 1207 4300 se

75 4348 197 4412 affuisse
212 4349 402 4412 demonstrat
417 4342 478 4424 11,
503 4350 524 4410 2
547 4344 670 4408 ‘eodem
690 4343 739 4407 die
754 4340 796 4425 Q.
813 4340 951 4407 Marcius
972 4343 1111 4406 tribunus
1126 4339 1207 4403 mili·

75 4460 147 4530 tnm,
164 4451 217 4535 qui
232 4450 344 4514 inbuet
357 4446 506 4534 Pompeii,
522 4446 560 4512 ad
575 4468 632 4511 nos
647 4445 841 4531 transfugitl,
859 4447 889 4529 ς.
907 4442 928 4506 3
946 4445 1022 4508 ‘boc
1037 4441 1206 4528 praeterito

75 4562 209 4639 tenpore
224 4549 265 4618 C.
282 4550 460 4618 Fundanius
481 4571 574 4636 eques
589 4549 745 4615 idomenus
767 4569 810 4613 ex
829 4548 938 4612 eastris
960 4544 1208 4611 aduersariorum

76 4658 110 4722 ad
123 4678 181 4724 nus
196 4656 366 4747 contngit',
390 4654 432 4721 lb
454 4665 537 4721 extr.
563 4655 615 4719 ‘in
636 4662 801 4740 conspectu
815 4660 921 4716 nostro
937 4648 1091 4734 hospites,
1109 4641 1207 4726 quiin
