2646 5124
507 564 808 632 ...36-

94 757 227 830 tempore
243 740 393 807 sublatum
410 739 485 814 luit,
508 737 551 803 ita
566 735 710 804 Orosinm
731 737 781 801 uel
796 733 940 803 Caesaris
963 757 1033 803 csse
1054 736 1112 803 hos
1127 736 1219 804 libros

92 850 252 932 ignorasse
266 844 448 909 inneuimus.
479 839 560 905 Nam
576 841 621 919 is,
643 862 709 906 cum
725 840 917 904 historiarum
938 841 1015 907 libro
1036 850 1130 905 sextu
1150 841 1219 906 iada

91 972 110 1015 a
126 972 155 1014 c.
172 948 192 1011 7
208 947 353 1031 usquead
374 945 412 1008 ta
427 939 570 1007 Caesaris
586 953 699 1026 septem
715 942 938 1007 commentariis
952 943 990 1007 de
1006 942 1087 1008 bello
1103 942 1218 1009 Gallico

94 1062 125 1117 ct
139 1061 247 1116 octauo
264 1049 303 1112 Α.
321 1047 413 1112 llirtii
429 1047 471 1108 ito
487 1066 560 1109 usas
576 1044 635 1121 sit,
659 1054 692 1107 ut
714 1045 858 1107 nonnulla
881 1045 918 1108 od
934 1044 1057 1109 uerbum
1074 1046 1219 1111 translan-

92 1164 152 1231 rct,
169 1151 256 1216 initio
272 1172 298 1214 c.
316 1150 338 1215 7
353 1151 427 1213 haec
442 1147 565 1211 scribite
590 1145 690 1210 ‘lianc
706 1145 861 1210 historiam
877 1142 1042 1211 Suetonius
1056 1146 1218 1236 Tranquil-

93 1254 141 1319 las
156 1253 327 1338 plenissime
342 1250 504 1334 explicuit,
529 1249 613 1313 cuius
637 1268 693 1312 nas
715 1257 920 1333 competentes
941 1248 1149 1331 portiunculas
1168 1251 1217 1315 dc·

93 1354 280 1441 carpsimas'.
318 1350 394 1417 ltem
420 1353 452 1416 in
475 1352 586 1437 optimu
609 1360 641 1415 et
662 1349 868 1431 andquissimc
890 1352 995 1416 codiee
1009 1347 1217 1434 magnatum

94 1458 188 1543 primo
204 1467 272 1542 post
286 1456 378 1521 narba
399 1454 485 1519 initio
510 1453 625 1538 posita:
652 1453 778 1538 ‘incipit
803 1453 880 1517 liber
894 1449 964 1517 Gaii
979 1448 1127 1518 Caesaris
1148 1451 1217 1519 balli

94 1559 204 1626 Gallici
219 1557 327 1623 loliani
343 1558 380 1621 de
396 1556 570 1639 narratione
586 1553 767 1638 temporum'
782 1552 875 1619 rubro
889 1554 1020 1638 ascripta
1035 1564 1109 1619 snat
1123 1552 1214 1620 bacca

94 1664 219 1747 ‘incipit
233 1661 309 1725 liber
324 1656 493 1723 Suetonii’.
533 1653 576 1718 Et
596 1656 628 1719 in
644 1656 748 1719 ecdem
763 1676 869 1721 errore
885 1658 978 1721 inisse
992 1655 1217 1741 Appcttimm

93 1762 249 1829 Sidonium
266 1762 324 1824 iam
341 1757 460 1824 Saaaro
475 1758 698 1822 animaduertit.
730 1755 760 1822 ls
776 1759 854 1822 caim
871 1780 919 1844 cp.
936 1754 1004 1836 ῑΧ,
1031 1758 1073 1824 tt
1087 1759 1127 1824 ad
1142 1755 1217 1823 liar·

93 1864 276 1949 guadionem
299 1862 341 1924 ita
364 1860 486 1924 scribit:
514 1858 656 1924 ‘Eminet
678 1859 730 1924 tibi
754 1859 893 1925 thematis
909 1861 1099 1926 celeberrimi
1115 1862 1217 1927 autina

92 1965 269 2041 redhibitio,
288 1965 351 2027 lans
367 1963 508 2027 uidelicet
522 1961 707 2045 peroranda,
731 1982 819 2045 quam
835 1962 992 2038 edideras,
1009 1958 1156 2029 Caesaris
1170 1960 1218 2027 lu·

92 2068 137 2132 lii.
170 2064 256 2148 Quae
272 2065 397 2129 materia
413 2075 473 2128 tam
487 2065 611 2150 grandis
633 2074 698 2141 est,
718 2073 752 2127 ut
772 2065 962 2142 studentum,
986 2065 1013 2129 si
1036 2065 1105 2147 quis
1128 2066 1218 2131 duent

91 2169 161 2248 ille,
187 2167 411 2250 copiosissimus
435 2167 509 2232 nihil
524 2166 649 2250 amplias
670 2165 702 2229 ia
718 2164 785 2248 ipsa
799 2165 908 2231 debeat
922 2186 1051 2245 cauere,
1075 2189 1165 2251 qnam
1180 2187 1218 2234 ae

93 2270 162 2355 qnid
177 2268 276 2333 minus
291 2269 382 2333 dicat.
419 2267 500 2334 Nam
522 2270 548 2335 si
570 2268 764 2344 omittantur,
788 2289 863 2351 pane
883 2270 919 2331 de
944 2268 1039 2333 titulis
1061 2269 1217 2334 dictatoris

93 2373 199 2437 intaieti
216 2373 327 2456 scripta
344 2371 499 2438 Patauinis
522 2382 594 2435 sunt
616 2371 836 2450 uoltnninihus,
862 2373 928 2454 quis
950 2392 1041 2454 opera
1063 2369 1216 2449 Suetonii,

94 2475 161 2559 qais
176 2472 301 2539 luueaci
317 2472 468 2538 Martialis
485 2473 641 2538 historiam
663 2475 769 2557 quisae
789 2474 826 2537 ad
843 2485 1012 2538 extremum
1028 2470 1114 2537 Balbi
1130 2472 1218 2558 ephe-

95 2578 235 2641 meridem
253 2578 341 2638 lando
357 2575 605 2658 adaequauerit‘t’
642 2574 740 2640 Recte
762 2576 810 2640 bic
827 2573 944 2640 Sanaro
966 2598 1057 2660 opera
1080 2573 1218 2641 Suetonii

94 2680 143 2744 uel
158 2679 240 2741 solos
256 2674 398 2742 Caesaris
414 2676 645 2741 commentarios
668 2678 716 2740 uel
731 2690 814 2742 certe
830 2690 861 2742 ct
876 2679 930 2742 hos
945 2690 977 2741 et
991 2675 1131 2743 Suetonii
1146 2674 1218 2742 luli-

93 2801 143 2843 nm
159 2781 215 2843 dici
232 2779 420 2843 obseruauit:
448 2800 516 2843 uam
532 2801 621 2843 annm
640 2776 778 2843 Suetonii
794 2779 901 2844 librum
917 2803 976 2845 nan
993 2791 1112 2864 pctorat
1126 2799 1218 2864 opera

93 2881 244 2967 appellare
258 2879 455 2964 Apollinaris.
490 2879 573 2944 Balbi
595 2891 692 2944 autem
717 2883 953 2966 ephemeridem,
971 2904 1056 2967 quam
1072 2883 1218 2966 supersti-

94 2996 154 3048 tem
171 2981 415 3048 commcatarium
440 2983 477 3046 de
498 2982 576 3048 bcllc
599 2981 793 3068 llispanicnsi
815 2986 872 3048 dici
896 2982 1044 3050 Cellarins
1067 2985 1134 3049 sine
1157 2985 1219 3051 ulla

94 3108 186 3151 causa
202 3085 399 3170 opinabatur,
421 3104 481 3147 aaa
504 3086 641 3172 equidem
657 3087 894 3151 existimauerim
911 3087 1094 3171 deperditum
1108 3086 1218 3152 librum

93 3192 186 3255 luisse
208 3186 294 3253 llalbi
317 3183 474 3266 Cornelii,
499 3182 642 3254 Caesaris
663 3190 908 3268 familiarissimi,
942 3211 1030 3272 quem
1053 3185 1218 3255 Suetonius

93 3290 185 3358 Caes.
210 3289 249 3356 8¹
275 3290 418 3378 quaedam
442 3291 479 3355 de
496 3288 629 3358 Caesare
650 3291 813 3356 memoriae
836 3293 1002 3375 prodidisse
1024 3294 1137 3368 relert,
1163 3293 1218 3358 sed

92 3408 233 3460 ocmnum
253 3393 361 3458 librum
383 3392 476 3458 llirtii
500 3395 535 3457 de
557 3394 633 3458 bello
649 3392 786 3469 Gallico,
813 3415 878 3456 cntn
902 3394 930 3456 ei
954 3394 1079 3477 epistula
1094 3394 1130 3459 ad
1146 3393 1218 3460 Bal-

92 3495 160 3558 bum
177 3498 342 3578 praemissa
357 3506 457 3569 esset,
481 3516 586 3558 errore
601 3517 618 3558 a
635 3492 760 3559 Sidonio
776 3492 870 3557 Balbo
885 3517 953 3559 esse
970 3496 1122 3560 tributam.
1157 3494 1219 3562 Sed

92 3596 143 3660 illa
160 3597 279 3680 opiaio,
304 3608 336 3659 ut
352 3593 497 3659 Caesaris
512 3596 719 3658 commonearii
736 3593 882 3659 Suetonio
904 3597 1125 3672 tribuerentur,
1147 3599 1219 3663 inde

92 3698 213 3761 uidetur
227 3707 295 3770 urta
310 3718 389 3774 csse,
410 3699 486 3778 quud
503 3697 595 3761 libros
611 3694 648 3761 C.
668 3694 811 3762 Caesaris
827 3698 895 3761 belli
912 3697 1022 3764 Gallici
1036 3701 1219 3783 interpreto-

93 3799 203 3864 haatur
218 3820 278 3860 non
294 3820 311 3861 a
328 3797 472 3876 Caesare,
490 3801 543 3863 sed
559 3802 596 3863 dc
611 3799 688 3863 bellu
704 3797 822 3862 Gallico
840 3799 982 3864 Caesaris
998 3801 1148 3888 scriptosa
1166 3804 1219 3866 de·

92 3901 175 3976 inde,
192 3901 260 3983 qnia
277 3897 441 3966 Suetonius
457 3900 548 3965 uitam
567 3898 710 3965 Caesaris
725 3901 902 3984 scripserat,
920 3903 974 3967 bos
990 3925 1107 3986 quoqne
1122 3903 1219 3968 libros

93 4005 130 4068 ad
155 4024 221 4066 cam
243 4003 426 4066 referebant.
465 4001 605 4090 Denique
628 4004 725 4068 medio
746 4025 841 4082 aeno,
867 4027 933 4068 cum
957 4007 1077 4070 sacculo
1101 4007 1220 4070 decimo

93 4104 279 4171 Flodoardus
303 4116 334 4167 et
348 4105 505 4169 andecimo
520 4105 700 4180 Aimuinus,
724 4107 774 4171 ille
797 4107 829 4170 in
845 4106 973 4171 historia
992 4108 1138 4172 ecclesiae
1153 4107 1218 4173 Re·

92 4209 223 4287 mensis,
241 4206 289 4271 hic
304 4207 334 4269 iu
352 4208 537 4290 praelatione
552 4209 646 4292 gestis
661 4207 1044 4293 Francornm'praemissa,
1071 4211 1218 4297 quaedam

92 4331 133 4376 ex
148 4310 233 4374 libris
249 4314 284 4373 de
300 4309 378 4374 bello
391 4309 507 4374 Gallico
523 4311 695 4394 posuissent
710 4332 835 4394 eamque
849 4308 917 4375 lulii
935 4308 1077 4376 Caesaris
1093 4312 1219 4376 histori-

92 4435 140 4478 am
155 4412 224 4476 belli
241 4411 350 4476 Gallici
365 4412 615 4496 appellauisseat,
640 4423 742 4496 postea
760 4435 856 4477 nonus
880 4435 967 4477 error
990 4424 1075 4478 crtus
1096 4426 1161 4493 est,
1184 4424 1219 4478 nt

93 4516 123 4580 bi
145 4515 350 4580 commentarii
373 4534 391 4577 a
411 4512 489 4579 lulio
505 4511 596 4578 Celso
617 4515 721 4600 scripti
745 4516 929 4582 uiderentur.
963 4514 1025 4581 Sab
1048 4518 1113 4581 eins
1136 4517 1217 4581 enim

93 4620 214 4683 nomine
229 4617 326 4683 etalii
341 4616 430 4680 medii
445 4617 513 4681 aeui
528 4618 706 4706 scriptores,
723 4641 797 4703 quos
812 4618 859 4682 lo.
872 4620 944 4683 Alb.
958 4618 1117 4685 Fabricius
1133 4639 1216 4683 com-
