2646 5124
459 644 605 715 GAPVT
618 642 770 716 sn-sa.
1176 646 1240 719 685

50 822 175 891 sinistra
198 830 283 907 parte
306 822 402 906 campi
424 832 547 906 propter
570 842 654 886 marc
677 822 812 905 legiones
836 819 927 882 ducit.
974 818 1032 883 Hic
1059 822 1219 906 campnsi

53 925 185 992 mirabili
201 924 329 1009 planicie
345 934 428 1008 patet
441 924 523 987 milia
539 943 678 1009 passuum
694 934 761 1003 xtt;
787 942 873 1006 quem
896 922 997 1006 iugum
1019 923 1143 1007 cingens
1165 946 1182 988 a

53 1030 130 1093 mari
151 1038 250 1092 ortum
273 1047 371 1110 neque
388 1027 432 1089 ita
447 1026 612 1111 praealtum
628 1026 713 1090 uelut
728 1026 837 1088 theatri
853 1026 944 1088 efficit
957 1026 1100 1109 speciem.
1145 1023 1182 1090 ln

54 1131 113 1195 boc
127 1131 202 1217 ¹iugc
225 1130 317 1194 colles
334 1139 404 1193 sunt
420 1129 534 1192 excelsi
551 1130 654 1213 pauci,
678 1128 709 1191 in
726 1127 831 1212 quibus
847 1126 984 1210 singulae
1001 1138 1100 1192 turres
1115 1149 1182 1213 spe·

18 1246 36 1299 s
60 1234 204 1317 culaeque
223 1231 362 1315 singulae
377 1241 554 1315 peractores
570 1241 656 1294 erant
672 1230 854 1307 collocatae,
879 1250 1004 1312 quarum
1020 1232 1096 1313 apud
1113 1232 1183 1298 ulti·

56 1358 133 1401 mam
150 1334 330 1421 praesidium
354 1343 385 1397 et
407 1333 498 1397 statio
515 1333 569 1396 iuit
584 1330 746 1417 Scipionis.
793 1329 866 1396 Post
883 1329 1000 1396 Caesar
1014 1332 1050 1397 ad
1066 1334 1179 1419 iugum,
1194 1334 1240 1407 88

55 1439 92 1503 de
107 1460 166 1521 quo
182 1436 289 1516 docui,
313 1430 448 1500 asccndit
462 1445 551 1518 atque
574 1436 605 1499 in
623 1456 860 1518 unumquemque
882 1435 987 1497 collem
1012 1444 1182 1520 turremque

55 1540 184 1604 castella
203 1540 304 1603 lacere
325 1538 424 1622 coepit
438 1548 528 1620 atque
544 1558 578 1601 ea
595 1538 694 1600 minus
709 1537 859 1601 semihora
874 1537 973 1600 edicit.
1019 1534 1182 1622 Postquam
1197 1539 1220 1605 2

56 1663 118 1705 non
141 1642 185 1705 ita
205 1642 295 1724 longe
316 1639 352 1704 ab
366 1640 468 1703 ultimo
483 1638 559 1703 colle
575 1641 711 1722 turrique
727 1641 791 1718 luit,
818 1660 893 1722 quae
909 1639 1044 1724 proxima
1061 1642 1118 1705 luit
1132 1664 1182 1706 ca-

10 1754 29 1809 c
55 1744 131 1808 atris
154 1742 412 1819 aduersariorum,
437 1742 468 1805 in
485 1764 542 1826 quo
558 1742 644 1806 docui
668 1763 736 1809 esse
758 1743 939 1827 praesidium
963 1743 1184 1829 stationemque

55 1844 274 1924 Numidarum,
300 1840 418 1910 Caesar
440 1845 592 1929 paulisper
614 1855 814 1909 commoratus
837 1854 1052 1929 perspectaque
1075 1857 1183 1911 natura

57 1948 114 2012 loci
131 1948 265 2031 equitatu
281 1947 459 2011 iactatione
475 1947 620 2032 disposito
636 1948 801 2033 legionibus
817 1969 891 2032 opus
907 1946 1049 2011 adtribuit
1064 1947 1183 2013 brachi·
1198 1949 1218 2015 3

58 2069 164 2133 nmque
178 2049 276 2115 medio
291 2050 363 2136 ingo
378 2049 416 2113 ab
433 2070 469 2113 eo
484 2051 562 2128 loco,
581 2052 616 2113 od
633 2072 717 2134 quern
730 2060 920 2134 peruenerat,
939 2071 1032 2133 usque
1048 2052 1084 2113 ad
1101 2072 1182 2127 curn,

58 2153 138 2217 unde
154 2172 294 2236 egressus
311 2162 387 2228 erat,
412 2150 493 2215 iubet
509 2152 595 2236 dirigi
612 2174 647 2215 ac
663 2153 785 2216 muniri.
833 2149 920 2233 Quod
940 2164 1097 2236 postquam
1116 2151 1184 2219 Sci·
1199 2156 1220 2220 1

15 2264 32 2317 s
55 2254 103 2338 pio
113 2251 330 2336 Labienusquc
344 2255 633 2331 animaduerterunt,
651 2257 783 2336 equitatu
799 2255 879 2315 omni
895 2274 935 2315 ex
952 2256 1061 2318 castris
1077 2257 1183 2321 cduoto

56 2356 182 2440 acieque
210 2355 342 2439 equestri
370 2357 518 2420 instructa
549 2377 566 2418 a
595 2358 659 2419 suis
686 2355 902 2418 munitionibus
928 2356 1050 2419 circiter
1079 2379 1184 2440 passus

56 2458 139 2522 mille
160 2457 394 2543 progrediuntur
415 2459 642 2544 pedestremque
666 2459 780 2541 copiam
803 2458 834 2519 in
857 2458 988 2541 secunda
1005 2456 1069 2519 acie
1087 2458 1184 2522 minus

57 2570 142 2623 cccc
157 2579 264 2644 passus
279 2560 476 2624 constituunt.
511 2557 628 2626 Caesar
644 2562 673 2623 in
689 2582 779 2644 opere
795 2559 904 2622 milites
920 2559 1070 2622 adhortari
1087 2580 1183 2643 neque
1198 2561 1242 2632 311

59 2663 305 2727 aduersariorum
328 2664 423 2748 copiis
446 2665 574 2728 moueri.
620 2662 682 2727 lam
705 2685 771 2727 cum
793 2684 852 2726 non
874 2660 997 2746 amplius
1014 2682 1121 2746 passus
1135 2664 1221 2728 sant

10 2774 37 2829 tu
59 2764 140 2829 inter
153 2766 283 2830 bostium
305 2766 400 2829 aciem
424 2786 555 2849 suasque
577 2766 757 2831 munitiones
780 2787 847 2830 esse
863 2765 1125 2828 animaduertisset
1138 2765 1185 2829 in·

59 2866 289 2951 tellexissetqnc
307 2868 344 2932 ad
358 2868 562 2953 impediendos
578 2869 687 2933 milites
702 2890 775 2932 suos
790 2880 822 2932 et
835 2870 873 2932 ab
889 2888 980 2953 opere
995 2866 1185 2952 depellendos

59 2968 177 3033 bostem
194 2971 315 3054 propius
329 2972 475 3036 accedere
491 2991 675 3055 necesseque
692 2971 815 3035 baberet
829 2972 963 3055 legiones
979 2993 996 3035 a
1011 2972 1185 3036 munitioni-

58 3071 115 3136 bus
130 3071 299 3151 deducere,
322 3073 455 3157 imperat'
465 3082 582 3138 turmae
597 3073 818 3159 Hispanorum,
843 3076 879 3138 ad
896 3074 1062 3158 proximum
1079 3075 1184 3139 collem

58 3193 184 3259 propere
201 3186 398 3239 occurrerent
412 3176 652 3259 praesidiumque
671 3176 740 3240 iude
756 3176 949 3240 deturbarent
965 3176 1121 3256 locumque
1137 3198 1185 3238 ca-

10 3288 33 3341 u
58 3286 176 3361 parent,
198 3276 362 3360 eodemque
378 3277 461 3342 iubet
474 3279 551 3342 leuis
567 3289 737 3342 armaturae
754 3299 863 3362 paucos
880 3276 1021 3358 consequi
1038 3274 1182 3339 subsidio.

60 3372 121 3460 Qui
141 3379 226 3443 missi
248 3379 389 3446 celeriter
403 3378 553 3444 Numidas
570 3383 668 3445 adorti
685 3383 790 3465 partim
807 3379 892 3441 uiuos
908 3378 1040 3461 capiunt,
1059 3378 1186 3441 nonnul·
1201 3378 1221 3443 3

59 3479 105 3571 los
120 3480 238 3563 equites
254 3481 403 3566 fugientes
419 3484 716 3548 conuulnerauerunt
726 3484 882 3564 locumque
894 3489 965 3543 sunt
976 3479 1072 3562 potiti.
1097 3476 1187 3542 Post·
1201 3480 1223 3544 4

59 3600 149 3664 quam
164 3580 195 3646 id
209 3580 365 3650 Labienus
380 3587 610 3664 animaduertit,
635 3606 692 3669 quo
716 3584 845 3648 celerius
866 3584 903 3647 iis
918 3582 1063 3647 auxilium
1081 3583 1184 3658 terret,

60 3702 103 3747 ex
118 3683 183 3749 acie
197 3684 345 3751 instructa
368 3689 518 3772 equitatus
534 3690 580 3752 sui
596 3709 688 3772 prope
704 3698 796 3751 totum
812 3687 950 3751 dextrum
966 3707 1059 3750 cornu
1073 3686 1188 3751 auertit

166 3875 184 3929 2
196 3875 306 3943 planitie
318 3879 369 3942 (a).
475 3896 513 3930 sn
526 3896 543 3930 a
557 3881 572 3930 b
585 3896 609 3941 c,
623 3896 657 3931 xv
669 3897 696 3931 u.
807 3880 915 3945 cingens
928 3894 987 3944 ego,
1003 3881 1094 3945 ingens
1108 3881 1185 3933 codd.

55 3948 87 4001 Ρ.
102 3950 166 4003 211.
246 3953 652 4023 .dpostobo,postquamu.
758 3958 970 4023 inscendit(o).
1076 3963 1188 4006 turrem-

57 4040 110 4093 que
122 4027 237 4077 castella
249 4043 308 4095 ego,
322 4037 422 4082 torrem
435 4032 598 4098 castelloque
612 4034 626 4081 b
640 4038 667 4083 ct
680 4049 749 4082 ιιιιιιι
762 4031 836 4093 dct.,·
851 4041 939 4082 turres
952 4032 1113 4095 castellaque
1127 4046 1143 4079 a
1157 4047 1185 4082 u.

55 4102 88 4155 Ρ.
103 4103 168 4156 211.
274 4104 334 4158 beo
348 4109 363 4158 b
376 4125 399 4159 c.
507 4110 585 4160 efficit
598 4126 623 4172 a,
639 4110 728 4160 cll'ccit
742 4110 815 4158 ‘mem
831 4109 951 4159 ornnes’?
1054 4115 1187 4175 postquam

56 4197 74 4234 a
87 4184 104 4235 b
116 4198 140 4247 c,
156 4191 184 4237 et
196 4191 331 4251 postquam
344 4201 371 4237 u.
479 4189 494 4239 9
507 4187 584 4252 qnae]
598 4188 624 4236 in
637 4187 700 4237 odd.
717 4202 742 4236 o.
851 4186 882 4236 111
895 4186 1015 4237 docuisse
1029 4187 1187 4252 praesidinm

56 4274 82 4310 a.
229 4261 257 4314 11
273 4261 372 4315 Cacsar
383 4281 400 4314 ιι
416 4266 489 4314 ‘mco
508 4261 617 4323 saraed,
632 4277 684 4311 om.
700 4275 770 4310 ιιιιιιι
782 4260 837 4310 det.
852 4276 879 4310 ιι.
1013 4272 1150 4331 perspecta
1162 4283 1186 4318 c.

168 4338 202 4391 ld
215 4339 344 4392 adtribuit
357 4357 383 4392 o.
503 4341 533 4391 15
549 4338 790 4389 animaduerterent
802 4352 818 4387 o
833 4338 857 4388 b.
977 4339 1008 4392 17
1020 4340 1103 4409 mille]
1117 4342 1148 4393 cd
1160 4360 1186 4395 n.

169 4416 202 4469 18
215 4433 277 4469 cccc
291 4434 386 4485 passus
399 4437 425 4484 o,
441 4434 533 4486 passus
545 4432 606 4468 cccc
619 4415 680 4467 cdd.
820 4417 1011 4470 constituuuta
1026 4420 1051 4485 b,
1066 4435 1080 4471 a
1094 4422 1188 4473 castris

58 4494 114 4545 anis
127 4496 295 4548 constituunt
306 4514 334 4548 u.
448 4498 564 4549 adortari
578 4512 604 4546 o.
718 4497 748 4549 19
757 4512 814 4548 cum
827 4496 877 4548 iarn
892 4499 915 4548 b.
1021 4515 1114 4567 passus
1127 4515 1187 4565 ogo,

58 4584 131 4637 pass.
145 4585 180 4633 ας
194 4587 317 4638 passuum
330 4589 358 4625 ιι.
465 4576 498 4625 22
512 4587 620 4624 necesse
635 4572 744 4624 baberet
756 4590 773 4624 a
782 4575 806 4624 b.
912 4577 944 4627 tt
955 4583 1124 4626 occurrerent
1134 4591 1151 4625 a
1161 4578 1185 4641 b,

59 4657 233 4701 accurrerent
245 4650 334 4703 Aldus
347 4665 374 4700 ιι.
501 4651 637 4702 turbarent
648 4664 675 4700 o.
791 4653 823 4704 ti
837 4652 973 4719 locumque
986 4668 1002 4702 o
1015 4657 1043 4701 et
1055 4667 1090 4701 m.
1101 4666 1147 4717 pr.
1162 4670 1186 4719 c,

60 4724 212 4792 locoqucu.
319 4727 445 4783 assisa.
551 4728 584 4781 29
597 4728 712 4781 aduertit
725 4729 750 4782 d.
