2646 5124
497 570 800 636 —59—

43 832 46 839 Ι
85 746 289 833 pepererunt’,
307 764 376 806 curu
391 741 424 807 iu
441 741 530 806 codd.
548 754 630 807 esset
644 750 857 830 ‘repererunt’.
899 748 981 816 Nam
997 756 1074 819 etin
1090 760 1219 827 coniun-

89 851 178 915 etioue
192 847 365 912 uerborum
379 844 492 909 similia
507 844 739 929 significantium
764 851 907 918 ‘inuentis
923 863 1114 940 repererunt'
1130 862 1216 927 lusus

91 954 195 1037 quitum
211 952 300 1015 inest
314 945 491 1014 aCursuris
505 950 698 1034 simplicitate
713 952 843 1031 alicnus,
860 964 891 1018 et
904 956 971 1041 ipsu
985 980 1036 1023 res
1051 962 1216 1029 crtillciusc

94 1054 230 1121 declarata
246 1062 310 1117 est.
341 1048 454 1132 Neque
469 1050 550 1114 enim
565 1072 600 1115 re
615 1072 688 1117 uera
703 1054 835 1119 inuentis
851 1057 990 1125 lintribus
1004 1061 1150 1130 Germani
1166 1088 1217 1131 sa·

95 1159 167 1223 lutcus
186 1154 476 1241 consequebantur,
498 1154 552 1219 scd
576 1164 637 1219 tum
658 1156 795 1233 demum,
821 1181 889 1225 cnm
911 1162 968 1247 ipsi
989 1164 1098 1231 flumen
1122 1169 1214 1234 truie·

96 1262 201 1327 nuent

42 1418 50 1473 ἱ
161 1362 322 1429 Extremo
348 1359 437 1423 buius
458 1361 665 1426 commentarii
689 1364 787 1448 cupite
808 1386 874 1428 cum
889 1366 921 1430 in
938 1367 1024 1431 coll.
1042 1368 1117 1432 buec
1132 1370 1215 1455 lege-

42 1478 49 1531 t
96 1480 201 1533 recture
228 1462 317 1528 ‘lloc
332 1463 450 1548 proelio
466 1472 550 1527 tram
563 1462 703 1529 Rhenum
720 1467 859 1529 nuntiato
874 1464 989 1546 Sueni,
1011 1472 1061 1554 qui
1082 1470 1118 1533 nl
1134 1478 1215 1555 ripnt

42 1542 49 1643 l
97 1570 178 1634 llleoi
192 1576 364 1645 uenerant,
381 1566 499 1631 domum
516 1568 631 1631 renuti
647 1579 831 1651 coeperunt=
849 1590 925 1652 qnos
940 1571 1004 1646 ubi,
1020 1574 1069 1655 qui
1079 1574 1216 1657 'proximi

42 1730 46 1761 ‚
96 1670 216 1737 bimum
231 1668 396 1746 incolunt,
420 1668 599 1753 perterritus
613 1681 795 1749 senserunt,
820 1670 948 1737 insecuti
965 1694 1104 1759 maguum
1121 1676 1216 1739 exiis

96 1794 234 1839 numenio
250 1770 457 1847 occiderunt',
473 1767 589 1835 Beatus
597 1769 764 1837 llbenuuus
781 1784 811 1837 et
825 1794 866 1837 cx
876 1775 1024 1859 porticula
1041 1778 1115 1840 ‘ubi'
1131 1788 1216 1841 reete

42 1866 46 2019 ἰ
95 1878 174 1943 eleeit
191 1874 319 1941 ‘Vbios’
336 1874 454 1957 (inepte
469 1874 685 1954 enimomnes,
702 1877 752 1959 qui
768 1875 907 1941 Rhenum
923 1878 1116 1954 occulebant,
1135 1876 1213 1943 Sue·

42 2062 44 2067 Ι
95 2004 133 2045 uu
145 1978 248 2045 adorti
264 1996 338 2042 csse
353 1977 541 2056 dicerentur,
558 1987 590 2039 ut
609 1979 725 2043 monuit
738 1976 979 2067 scurrilem),
1002 2001 1097 2066 neque
1112 1983 1212 2047 miuus

42 2086 45 2093 '
94 2094 161 2149 recte
183 2080 391 2147 ‘mount'
417 2090 542 2164 propter
555 2079 635 2144 illam
651 2080 827 2166 particulam
848 2103 867 2146 a
888 2095 994 2149 uetere
1016 2083 1213 2168 grammatico

94 2189 233 2251 ilicetum
255 2204 327 2249 eoae
347 2181 505 2248 iudicauit.
552 2179 587 2247 lt
607 2183 669 2247 alio
689 2184 756 2247 loco
777 2176 999 2269 comprobetur.
1043 2186 1124 2253 Num
1141 2189 1210 2252 bor.

95 2310 196 2353 mmm.
210 2283 281 2365 Vl,
301 2284 343 2359 b,
364 2281 471 2350 8cum
486 2278 604 2349 Cacsar
623 2286 798 2371 scripsisset
820 2289 960 2371 ‘cognitu
981 2284 1099 2355 Caenus
1118 2310 1211 2355 consa

41 2444 44 2455 .
95 2390 202 2478 repen't
215 2388 255 2454 ab
269 2384 378 2453 Sucuis
394 2385 510 2451 auxilia
525 2388 615 2453 missu
629 2409 718 2453 esser
750 2387 897 2453 Vbiorum
913 2391 1149 2455 sutisluctioucm
1164 2412 1213 2455 sc·

41 2478 43 2485 ¹
95 2496 165 2581 u'pit,
181 2493 284 2559 atlitus
299 2492 426 2574 uiasque
441 2491 473 2555 in
489 2486 607 2555 Sueuos
622 2493 796 2575 perquirit'‚
818 2495 849 2557 iu
866 2493 969 2557 codice
983 2494 1146 2578 crcbetypu
1161 2514 1214 2577 pu-

95 2598 171 2663 situm
193 2606 245 2663 est
275 2592 347 2658 ‘ubi
369 2593 475 2657 borum
496 2595 733 2659 satisfactionem
756 2596 888 2679 accepit'
912 2608 1046 2681 tempure
1068 2595 1154 2659 uerbi
1175 2594 1213 2659 acl

94 2698 262 2785 partialem
288 2696 378 2761 ‘nbi'
397 2698 637 2761 accommodetur
661 2699 857 2781 nequeenim
880 2700 910 2763 in
932 2698 1049 2764 luobus
1064 2697 1212 2763 extremis

93 2802 261 2879 enuntietis,
279 2820 408 2884 quorum
424 2798 512 2884 plum
526 2801 629 2865 eudem
644 2801 781 2865 condicio
797 2813 855 2879 est,
873 2813 1008 2887 tempora
1020 2803 1131 2869 unriari
1143 2824 1212 2889 pos·

92 2926 116 2970 sc
130 2900 279 2971 Clarkius
294 2902 460 2967 intellexit.
491 2898 697 2968 Sebneitlcrus
721 2904 868 2982 miratur,
891 2906 918 2969 si
940 2907 1063 2970 uerbum
1088 2918 1212 2971 ‘sense-

91 3005 467 3091 noviomacensis,
483 3006 553 3090 quil
568 3006 611 3070 ita
626 3007 730 3071 eudem
745 3006 812 3071 loco
827 3008 858 3072 in
873 3007 1010 3073 omnibus
1025 3010 1110 3073 coll.
1129 3010 1212 3093 lega·

89 3120 142 3177 tar.
172 3108 277 3177 Putes
291 3129 380 3186 cum,
402 3118 438 3171 ut
451 3129 555 3173 omncs
571 3109 691 3174 culices
707 3129 749 3172 ex
763 3130 823 3173 uno
836 3110 983 3193 originem
999 3110 1111 3176 lucere
1125 3112 1213 3195 igno-

89 3214 221 3291 uuerit‚
239 3232 281 3277 ne
295 3210 436 3276 naculum
450 3211 566 3294 quidem
582 3211 676 3275 ullum
691 3210 828 3275 omuibus
843 3211 930 3276 coll.
947 3234 1105 3277 commuue
1119 3214 1152 3277 in
1166 3214 1214 3277 bis

89 3316 169 3382 libris
184 3314 359 3380 inuenisse.
393 3310 524 3393 Deinde,
540 3314 567 3378 si
585 3314 783 3377 ‘senserunt'
805 3314 971 3390 omittatur,
988 3310 1107 3378 Sueuos
1127 3334 1215 3398 prue-

88 3429 132 3484 ter
145 3416 394 3503 expectationem
409 3417 589 3501 perterritos
613 3415 671 3479 dici
694 3415 842 3499 queritur.
888 3412 956 3501 lpse
978 3415 1071 3499 igitur
1095 3416 1216 3501 scripsit

88 3529 175 3606 ‘quus
186 3519 260 3585 Vbii
280 3554 321 3571 -
343 3530 379 3584 ut
394 3520 572 3605 perterritus
587 3520 760 3584 senserunt¹
775 3530 865 3604 etque
881 3519 922 3583 itu
938 3518 979 3597 it,
996 3520 1074 3603 quui
1088 3530 1213 3604 questus

88 3634 163 3703 crat,
180 3633 333 3688 remotum
347 3643 418 3688 esse
433 3625 597 3688 contendit.
631 3620 716 3689 llaec
729 3622 808 3708 quotl
823 3643 884 3686 uon
899 3622 1017 3701 refello,
1033 3622 1150 3688 ueniam
1165 3642 1214 3689 mc

87 3728 119 3793 ub
133 3728 205 3815 ipso
219 3726 450 3811 impetraturum
464 3746 566 3812 spero.

168 3930 267 3997 luitio
281 3932 405 3997 secundi
427 3932 633 3997 commentarii
657 3928 755 3998 ‘Cum
776 3942 858 3996 esset
871 3927 990 3997 Caesar
1011 3932 1043 3996 in
1072 3928 1216 3994 citeriore

88 4033 187 4101 Gallia
201 4036 237 4099 iu
253 4034 407 4113 bibernis,
428 4035 473 4099 ita
492 4036 537 4099 uti
560 4055 650 4120 supro
665 4034 955 4108 demonstrauimus,
979 4033 1078 4099 crebri
1094 4033 1131 4098 ad
1146 4052 1216 4095 eum

89 4158 226 4203 minores
243 4137 461 4214 ub'ercbsntur,
470 4138 639 4222 litterisque
653 4138 724 4203 item
731 4136 859 4202 Labieni
876 4136 990 4201 certior
1004 4136 1095 4201 llebat
1110 4152 1217 4197 omnes

91 4238 213 4328 belm,
236 4262 325 4324 quam
340 4240 459 4305 tertium
474 4260 543 4305 esse
557 4238 675 4307 Gallice
690 4251 803 4325 purtem
818 4239 1011 4312 dixerimus,
1035 4248 1143 4301 contre
1165 4254 1218 4317 pu-

92 4346 187 4429 pulum
196 4336 370 4410 llomsuum
385 4343 566 4417 coniurare,
583 4353 667 4407 reete
675 4341 861 4408 Guerlitzius
876 4344 923 4421 (iu
932 4344 1093 4405 emendett.
1105 4334 1216 4401 lulisu.

94 4444 192 4511 Viteb.
211 4445 299 4512 1837
314 4447 419 4531 clitis)
433 4446 525 4511 uerba
543 4446 588 4510 ‘in
603 4446 747 4511 bibernis’
763 4446 864 4529 spuria
878 4464 947 4507 esse
962 4441 1073 4506 locuit.
1108 4437 1145 4503 ln
1160 4438 1219 4500 line

96 4550 169 4614 euim
182 4550 353 4636 superioris
366 4550 453 4627 libri,
470 4570 529 4633 quo
543 4549 593 4613 bic
605 4548 780 4634 respicitur,
800 4543 918 4611 Cacsar
932 4544 1080 4608 retulerat
1095 4539 1221 4602 biberua

97 4654 246 4720 uetitus
260 4674 298 4719 sc
310 4652 344 4718 iu
358 4648 509 4737 &wenis
522 4650 708 4729 collocasse,
730 4651 826 4735 ipsum
850 4649 889 4712 ul
903 4656 1073 4711 conuentus
1088 4634 1223 4723 agendos
