2646 5124
499 558 802 627 ...no-

91 754 153 801 nou
168 741 414 799 commemorato.
446 727 483 796 C.
498 731 542 797 27
557 732 627 797 inde
642 754 663 823 a
676 734 705 817 ᾗ.
723 730 743 797 3
759 744 791 797 et
805 752 833 795 c.
851 728 897 796 28
910 730 954 795 iu.
971 731 1138 797 subiectum
1153 751 1222 797 eac-

91 859 129 922 pe
148 846 281 901 mutatur
302 836 385 899 nulla
407 833 531 901 alterius
553 854 701 918 personae
716 835 936 920 significatione
951 835 1060 919 posita.
1092 829 1132 898 C.
1148 832 1222 915 8,o

91 951 122 1006 ct
138 938 178 1005 17
193 941 237 1003 iu.
255 937 414 1003 durissime
428 959 447 1002 a
462 938 668 1022 superioribus
682 939 720 1002 ad
734 938 879 1003 interiora
894 937 1051 1001 transitur.

178 1040 235 1109 llis
251 1040 340 1107 rebus
357 1042 587 1115 commentarios
603 1042 639 1105 de
655 1041 733 1104 bello
744 1041 890 1105 Africano
907 1052 940 1104 et
949 1038 1145 1123 Hispaniensi
1160 1060 1222 1105 noa

91 1146 187 1211 solum
204 1166 264 1209 non
280 1145 317 1209 ab
333 1142 454 1220 llirtio,
476 1147 529 1210 scd
552 1165 589 1208 ne
605 1145 686 1227 ipsos
702 1144 820 1226 quidem
836 1143 872 1207 ab
889 1144 993 1208 codem
1009 1142 1129 1206 bomine
1144 1142 1220 1205 acri·

90 1260 158 1334 ptos
174 1269 242 1312 esse
257 1248 390 1313 iudicare
406 1247 553 1328 cogimur.
580 1242 658 1310 Cum
673 1245 824 1311 llirtiauis
839 1245 919 1309 euim
936 1244 1020 1311 libris
1035 1245 1124 1328 plane
1139 1244 1222 1309 nulla

91 1351 138 1416 bis
155 1349 317 1415 similitudo
333 1349 514 1426 intercedit,
531 1349 589 1412 nisi
605 1350 685 1413 lorte
701 1359 841 1412 octauum
856 1348 963 1412 librum
979 1346 1109 1411 debello
1125 1343 1227 1425 Galli<

92 1475 179 1519 coca
195 1474 236 1519 ex
251 1463 338 1538 parte
353 1451 520 1535 comparari
536 1471 625 1535 posse
648 1450 893 1529 existimaueris,
917 1449 996 1532 quod
1010 1440 1081 1534 'ipsc
1103 1468 1224 1532 quoque

92 1555 240 1621 uarietate
256 1566 372 1621 careat.
418 1549 505 1635 Quae
520 1573 571 1617 res
587 1554 718 1617 omnium
733 1552 927 1617 mediocrium
943 1551 1126 1635 scriptorum
1141 1572 1224 1615 oon·

90 1658 189 1723 munis
205 1658 251 1741 (iu
267 1657 371 1720 eodem
387 1657 466 1719 euim
482 1656 569 1734 uitio,
587 1666 621 1720 ut
635 1678 724 1719 uuum
742 1676 861 1740 ponam,
879 1650 1042 1719 Cornelius
1052 1651 1159 1737 Nepos
1174 1674 1224 1719 rc·

92 1759 323 1844 prclreodeudus
347 1760 414 1838 cst)
437 1758 480 1822 ita
503 1769 619 1823 tantum
634 1769 816 1823 momentum
833 1758 863 1820 in
879 1756 935 1821 bac
950 1756 1128 1840 quaestione
1143 1757 1224 1820 laoc-

92 1870 152 1937 ret,
169 1861 195 1923 si
211 1859 305 1923 uerba
321 1869 372 1923 aot
387 1861 533 1925 orationis
549 1863 646 1924 forma
659 1861 692 1925 iu
707 1861 845 1925 omnibus
861 1859 947 1923 libris
962 1860 1066 1923 eadem
1081 1859 1224 1941 trequen-

93 1971 229 2027 taretur:
254 1962 283 2025 id
306 1963 385 2048 quod
410 1964 542 2028 maxime
558 1964 743 2028 contrarium
759 1983 828 2027 esse
843 1963 984 2026 uidimus.
1030 1956 1146 2026 Contra
1162 1962 1225 2027 dte

94 2064 221 2129 crimina
236 2065 368 2129 maxima
382 2078 465 2131 suot.
495 2063 631 2131 Primum
646 2066 803 2149 dispositio
818 2065 981 2141 materiae,
1004 2085 1081 2146 quae
1101 2063 1225 2145 inldir·

94 2165 185 2231 tionis
201 2166 288 2230 libris
303 2177 372 2251 apta
386 2178 445 2246 cst,
462 2167 493 2232 iu
510 2169 556 2233 bis
570 2169 653 2233 rudis
669 2178 757 2251 atque
773 2167 853 2231 omni
868 2178 935 2231 arte
951 2168 1114 2244 destitutae
1139 2168 1225 2233 dein·

93 2269 131 2335 de
152 2269 304 2334 scribendi
325 2291 421 2355 genus
443 2271 474 2335 in
494 2270 554 2336 illis
574 2281 692 2335 rectum
714 2283 746 2333 et
768 2271 915 2353 simplex,
944 2270 976 2333 iu
998 2270 1103 2335 borum
1125 2269 1224 2335 attero

95 2372 294 2455 granditatem
312 2383 427 2436 tumore
444 2384 584 2457 raptans,
610 2375 640 2438 iu
656 2375 753 2437 altero
769 2373 929 2450 abiectum,
946 2373 978 2436 iu
995 2383 1125 2459 utroque
1140 2392 1226 2437 cras-

94 2495 161 2538 sum
176 2474 322 2559 longeque
344 2476 494 2557 elegantia
516 2476 664 2554 inlerius3
689 2477 817 2559 denique
841 2497 941 2539 sermo
962 2475 1073 2538 inillis
1094 2476 1224 2559 optimus

94 2588 126 2642 et
140 2578 335 2662 purissimus,
358 2578 389 2639 in
406 2577 451 2641 bis
468 2578 654 2658 antiquarius
671 2591 701 2643 ct
716 2578 861 2660 uulgaris.
885 2580 986 2661 Atque
1003 2578 1108 2640 barum
1123 2598 1224 2641 rerum

94 2681 154 2744 duo
171 2690 308 2744 extrema
323 2689 405 2743 certe
422 2701 482 2742 non
497 2680 723 2764 incomparata
738 2691 820 2758 sunt,
837 2691 871 2743 ut
885 2680 916 2743 in
932 2678 1058 2744 eundem
1074 2679 1226 2744 bominem

94 2782 185 2845 etiam
201 2783 396 2865 neglegenter
410 2783 592 2846 scribentem
609 2795 652 2859 et,
670 2804 748 2865 quae
763 2783 1157 2866 posteacmeudaturusest‚
1174 2804 1226 2847 ca-

94 2884 179 2947 dant.
218 2882 301 2946 Nam
317 2884 347 2946 iu
364 2885 440 2947 libro
465 2886 501 2947 de
524 2885 602 2949 bello
618 2884 763 2948 Africano
784 2884 924 2947 iudicium
947 2884 984 2947 de
1006 2886 1225 2968 compositione

94 2985 134 3051 ab
149 2984 289 3049 Hirtiano
305 2987 393 3070 plane
410 2986 563 3050 diuersum
580 2988 846 3071 deprehendimus,
871 3006 968 3069 neque
983 2987 1092 3071 pingue
1107 2989 1228 3072 ingeni·

94 3110 163 3165 tuot,
180 3090 266 3172 quale
284 3089 311 3151 is
326 3089 403 3153 liber
419 3089 622 3166 demonstrat,
640 3090 676 3153 ad
692 3090 915 3153 similitudinem
929 3090 1115 3173 superiorum
1130 3089 1228 3155 libro·

94 3212 161 3256 rum
176 3191 282 3256 limare
296 3212 330 3255 sc
346 3203 377 3258 et
392 3192 606 3257 circumcidere
623 3193 734 3275 potuit:
759 3212 827 3254 nam
842 3193 888 3271 is,
906 3194 955 3274 qui
970 3193 1078 3256 librum
1094 3193 1226 3258 debello

95 3293 292 3381 Hispaniensi
306 3296 448 3379 scripsit,
473 3295 523 3359 uel
538 3297 655 3360 modica
670 3295 866 3379 componendi
883 3296 1025 3358 facultate
1041 3296 1226 3361 destitueba-

95 3407 157 3474 tur,
175 3400 261 3475 adeo,
279 3399 310 3461 id
325 3399 402 3480 quod
418 3400 454 3462 dc
469 3398 671 3464 seVitruuius
686 3400 808 3475 latetur,
827 3396 911 3461 nisus
928 3409 975 3461 est
989 3397 1133 3462 scribere.
1157 3396 1226 3462 Ne-

96 3519 154 3581 que
168 3519 261 3577 ucro,
285 3501 335 3581 qui
360 3502 451 3584 polite
466 3512 497 3564 ct
511 3501 626 3564 urbane
640 3500 721 3581 loqui
736 3500 839 3565 didicit
854 3501 944 3587 idque
959 3522 1054 3583 genus
1070 3501 1224 3584 probauit,

95 3621 233 3682 umquam
249 3600 336 3683 plane
352 3603 384 3665 iu
399 3601 600 3684 antiquarium
615 3612 647 3664 et
660 3601 783 3686 uulgare
799 3603 924 3669 incidet:
944 3613 1049 3667 contra
1064 3605 1226 3687 detergere

94 3702 201 3767 sordes
216 3702 307 3785 louge
323 3703 525 3767 difficillimum
541 3715 599 3768 est.
632 3702 750 3786 Quibus
766 3716 865 3770 autem
881 3706 999 3784 causis,
1023 3727 1062 3768 ne
1078 3707 1153 3771 duos
1168 3728 1226 3771 ex·

96 3815 209 3870 memos
225 3804 318 3868 libros
334 3803 435 3868 Hirtio
450 3807 670 3882 tribueremus,
692 3808 766 3871 moti
785 3828 907 3886 sumus,
932 3808 1052 3872 eaedem
1071 3809 1125 3872 bos
1141 3810 1226 3893 ipsos

95 3928 115 3970 a
130 3906 259 3971 diuersis
274 3907 447 3972 auctoribus
463 3910 592 3993 scriptos
609 3910 761 3975 euincunt.
806 3907 887 3973 Nam
910 3909 1064 3992 dispositio
1080 3912 1227 3975 materiae

94 4031 209 4095 genere
225 4021 339 4074 tautum
355 4011 460 4074 similis
476 4023 540 4090 est,
563 4032 663 4076 sermo
678 4013 736 4076 nisi
752 4013 783 4075 iu
799 4012 956 4094 perpaucis
972 4012 1062 4074 rebus
1078 4013 1166 4094 plone
1182 4014 1227 4076 di·

96 4133 216 4177 uersus.
250 4108 437 4195 Quamquam
453 4124 551 4178 autem
568 4125 696 4200 uterque
716 4115 794 4179 liber
816 4115 933 4197 pinguis
949 4123 997 4178 est
1012 4124 1043 4176 et
1057 4114 1223 4197 impolitus,

97 4227 196 4279 tameu
212 4216 308 4279 multo
324 4215 398 4281 baec
414 4228 484 4280 suut
498 4217 530 4280 iu
544 4217 621 4281 bello
634 4216 780 4281 Africano
794 4218 922 4281 minora.
948 4215 1086 4298 Denique
1098 4218 1225 4281 alterius

94 4318 254 4400 scriptoris
269 4319 445 4404 compositio
460 4321 546 4403 copia
561 4321 722 4384 uerborum
737 4321 883 4384 redundat
898 4331 930 4383 et
945 4319 1124 4397 effunditur,
1147 4321 1226 4383 alter

96 4441 158 4483 nou
187 4422 328 4485 astrictus
352 4432 399 4485 cst
421 4433 453 4485 et
474 4423 688 4502 circumcisus,
716 4425 769 4487 sed
789 4423 908 4501 iulans3
933 4421 983 4485 ille
1006 4441 1101 4506 genus
1123 4432 1225 4486 tamon

95 4523 242 4604 quoddam
257 4525 409 4589 scribendi
424 4536 455 4587 et
469 4536 564 4589 artem
580 4526 652 4589 licet
665 4525 768 4589 rudem
784 4527 941 4611 sequitur,
965 4523 1013 4587 bic
1033 4546 1073 4587 ne
1088 4525 1226 4609 aspirare

96 4626 214 4708 quidem
229 4629 267 4693 ad
282 4629 359 4693 bauo
375 4649 476 4693 curam
492 4631 589 4715 potuit
602 4629 728 4694 inscitus
743 4639 824 4693 totus
838 4639 871 4691 et
884 4626 1012 4709 rigidus.
