2646 5124
501 572 801 642 ...95-

96 747 150 833 legi.
180 746 332 831 Apertum
348 753 397 811 est
409 744 601 813 canutum
616 768 685 813 esse
710 749 801 814 ‘lanc'
824 750 915 839 idque
934 752 973 818 ad
995 774 1138 838 passuum
1156 784 1213 827 ou.

96 872 193 916 neruus
207 849 331 915 referri.

163 948 204 1019 C.
220 952 279 1031 47,
297 950 315 1015 1
332 952 378 1017 sic
392 950 556 1017 edebatur:
590 949 799 1020 ‘Consecutus
819 954 868 1035 id,
892 959 971 1041 quod
985 960 1086 1026 animo
1101 987 1212 1050 propo-

94 1069 199 1135 nnat,
223 1052 346 1121 Cacsar
368 1055 503 1139 receptui
520 1056 586 1119 cani
603 1056 692 1120 iussit
707 1058 892 1140 legionisque
909 1062 1059 1142 deci-ae,
1083 1088 1209 1149 quacum

95 1172 147 1225 erat
160 1159 370 1237 contionatus,
386 1158 476 1244 signa
490 1158 655 1224 constitere
663 1161 684 1238 ',
706 1162 952 1242 quemadmodum
968 1176 1016 1229 est
1030 1167 1062 1231 in
1076 1168 1210 1254 interpo-

94 1260 144 1327 latis
158 1262 262 1339 codd,
280 1260 341 1325 nisi
356 1260 435 1344 quod
450 1261 481 1326 in
497 1261 548 1340 iis,
565 1261 723 1345 dequibus
739 1275 870 1336 constet,
896 1264 1120 1333 ‘constiterunt'
1136 1268 1210 1356 legi·

94 1374 138 1429 tur.
167 1364 272 1449 Atque
287 1362 341 1427 illa
352 1362 452 1427 uerba
474 1371 614 1450 ‘quacum
629 1375 697 1429 erat
711 1366 918 1431 contionutns'
934 1370 1048 1434 acriter
1061 1371 1212 1456 interpre-

96 1477 128 1531 ter
139 1477 349 1545 umuerunt,
364 1466 408 1531 ito
424 1476 456 1529 ut
471 1465 524 1531 alii
539 1477 671 1532 monstra
686 1468 757 1532 indc
772 1470 940 1548 cllicerent,
959 1471 1042 1535 uelut
1058 1479 1135 1554 ‘qua
1149 1484 1214 1539 tnnc

95 1570 351 1645 mteomitatus’,
377 1576 524 1651 ‘quacum
546 1581 613 1633 erat
634 1573 867 1649 commoratus',
895 1580 972 1654 ‘qua
995 1594 1061 1637 enm
1080 1575 1212 1641 maximo

95 1684 143 1737 erat
155 1672 406 1746 concomitatus',
422 1671 473 1735 ulii
481 1671 692 1755 desperatione
701 1674 890 1750 emendandi,
909 1675 1027 1739 etiamsi
1039 1676 1211 1741 contionari

95 1775 183 1860 aliquis
196 1796 266 1841 eum
282 1774 476 1839 multitudine
491 1794 510 1837 a
525 1774 608 1839 nullo
620 1774 768 1857 scriptore
781 1773 895 1839 Latino
910 1777 1080 1855 diceretur,
1110 1789 1211 1843 temen

94 1875 276 1944 illerendnm
291 1876 520 1943 existimarent.
551 1875 661 1941 dlelins
676 1896 750 1941 sane
765 1886 832 1940 erat
846 1879 970 1943 uerbum
993 1880 1208 1947 ‘contionatur’

95 1978 186 2059 delere,
201 1980 233 2047 id
250 1980 332 2063 qnod
346 1976 496 2062 Maduigii
511 1998 604 2043 suasu
619 1976 771 2043 Whittins
786 1979 876 2058 lecit,
894 2002 1069 2065 quamquam
1085 2004 1124 2047 ne
1139 1986 1208 2049 eiua

94 2083 190 2164 quiden
206 2083 257 2149 rei
273 2083 337 2147 ulla
357 2093 406 2147 est
427 2081 633 2165 probabilitas.
672 2079 710 2145 In
730 2082 858 2166 integris
880 2084 967 2147 codd.
992 2086 1137 2168 scriptum
1160 2096 1208 2151 est

94 2184 263 2269 ‘legionique
277 2185 422 2251 deeimae‘
438 2194 470 2249 et
486 2184 677 2249 ‘constitnit'.
724 2181 797 2249 lude
821 2185 894 2249 hacc
917 2187 1046 2250 ellicitur
1060 2188 1207 2252 orationis

95 2287 194 2353 iorum
212 2284 418 2353 ‘Consecutus
434 2288 476 2365 id,
493 2288 571 2371 quod
587 2286 686 2350 animo
701 2297 916 2372 proposuerat,
939 2283 1058 2351 Caesar
1072 2290 1208 2373 receptui

95 2392 150 2455 oui
168 2392 261 2455 iussit
279 2390 453 2475 legionique
475 2390 628 2467 decimae,
653 2410 782 2475 quacum
797 2400 883 2466 crat,
907 2389 1099 2454 contionatus
1121 2391 1209 2473 signu

95 2493 259 2559 nnsdtuit'e
275 2514 355 2577 quac
370 2495 452 2559 omni
468 2515 511 2559 ex
525 2505 610 2581 purte
624 2504 707 2559 recta
724 2501 807 2555 sunt.
837 2489 968 2556 Dotiuns
984 2491 1064 2557 enini
1084 2492 1208 2578 ‘legioni

94 2595 220 2663 lecinc’
235 2596 276 2661 ad
299 2595 494 2662 ‘constituit'
510 2598 659 2683 pertinet:
684 2594 876 2660 contionandi
891 2605 991 2659 antem
1007 2594 1151 2673 uerbum,
1175 2605 1209 2661 ut

93 2701 269 2787 sepissime,
285 2698 424 2765 absolute
440 2700 571 2785 ponitur.
616 2696 695 2761 Nono
712 2698 787 2781 apud
804 2697 948 2761 decimam
964 2698 1113 2781 legionem
1129 2693 1209 2763 Cac-

92 2821 174 2869 raren
188 2802 399 2867 continuatum
415 2822 484 2867 esse
499 2803 565 2887 ipso
579 2822 630 2865 res
645 2799 790 2864 docetor:
808 2820 917 2882 neque,
928 2800 997 2884 qnid
1013 2800 1207 2865 contionatur

92 2916 170 2985 erret,
186 2906 353 2970 coaeum
369 2914 447 2979 erat,
465 2904 593 2983 scilicet,
611 2902 742 2977 consid,
760 2904 838 2987 quod
854 2903 1074 2987 proposuisset,
1099 2923 1207 2969 conse·

90 3020 163 3073 utus
185 3017 294 3086 essct,
317 3008 520 3092 recipiendum
545 3028 625 3073 esse.
660 3003 790 3070 'Deinde
810 3026 852 3069 ex
873 3005 1001 3089 integris
1023 3006 1110 3071 codd.
1127 3005 1207 3071 edidi

89 3108 138 3175 ‘dc
151 3110 342 3194 reliquorum
364 3111 514 3197 legionum
537 3111 648 3175 milites
663 3130 722 3173 non
740 3109 884 3173 exaudito
899 3129 975 3173 sono
997 3108 1104 3187 tubae,
1127 3107 1208 3191 qnod

85 3214 151 3279 tatio
164 3232 282 3297 magna
296 3212 391 3277 ualles
405 3212 629 3289 intercedebat,
658 3222 757 3275 tamen
781 3210 818 3273 alr
839 3210 967 3275 tribunis
982 3211 1109 3274 militaui
1124 3209 1209 3293 lega·

85 3314 196 3400 lisque,
221 3324 260 3380 ut
281 3325 349 3379 erat
368 3335 388 3378 a
409 3311 544 3383 Caesare
559 3324 772 3400 praeceptum,
795 3311 1034 3375 retinebantnr’.
1078 3307 1209 3374 Rectius

84 3420 158 3483 caino
173 3418 350 3503 copuletiua
364 3438 450 3501 quoru
461 3418 660 3484 ¹aduersatina
677 3413 826 3501 particula
842 3413 917 3478 haec
932 3410 1139 3497 superioribus
1157 3408 1210 3475 ad·

82 3521 258 3604 iunguntur,
275 3542 344 3585 curn
357 3521 436 3585 idem
451 3520 563 3586 tribuni
578 3518 730 3603 legatique
745 3529 837 3602 utque
852 3511 970 3581 Caesar
988 3516 1134 3579 lacerent.

165 3618 207 3687 C.
223 3619 287 3703 5⁰,
310 3623 378 3690 aio
393 3623 530 3688 omnihus
546 3624 655 3698 codd,
671 3622 707 3685 de
723 3622 830 3706 quibus
846 3631 984 3695 constat,
1006 3617 1208 3703 inscriptum

85 3737 143 3790 ests
163 3724 300 3789 ‘tametsi
316 3724 432 3791 destris
443 3726 575 3792 humeris
583 3724 715 3791 exsertis
723 3723 1049 3799 aniuduertcbautur‚
1066 3721 1144 3803 quod
1160 3719 1208 3782 iu·

85 3830 165 3913 signe
181 3838 325 3914 pacatum
340 3848 410 3893 esse
424 3828 610 3894 consuerat’.
634 3825 791 3903 ‘Pacatis',
809 3827 885 3908 quod
901 3827 1011 3902 editur,
1029 3821 1209 3889 Oudendor-

86 3932 144 4013 pior
158 3934 192 3997 iu
208 3928 296 3995 Suel.
314 3926 422 3995 Cuiac.
440 3929 547 3995 Vrsio.
563 3929 644 3995 And.
668 3926 771 3995 Oxou.
788 3928 847 4011 legi
864 3928 993 4003 conicit,
1014 3927 1084 4009 quia
1106 3945 1147 3989 ex
1169 3921 1209 3985 iis

86 4034 152 4098 oilril
166 4041 349 4097 annotatum
364 4033 421 4111 sit,
446 4034 527 4103 nullo
550 4042 746 4117 argumento:
773 4052 840 4095 nam
856 4030 886 4093 in
902 4029 1006 4093 llaun.
1025 4048 1071 4110 pr.
1088 4041 1210 4109 quoquc

88 4135 244 4218 ‘pacatum'
260 4133 381 4217 legitor.
406 4136 507 4219 Atque
525 4132 686 4218 ‘pacatum'
698 4130 930 4216 Oudendorpins
944 4133 987 4195 ita
1002 4128 1159 4213 probabat,
1177 4134 1211 4187 ut

88 4237 205 4301 alteram
230 4237 359 4321 genitiui
380 4239 504 4303 foranum
525 4258 597 4303 esse
618 4236 826 4301 existimaret:
851 4255 927 4315 quoe
949 4254 967 4295 a
991 4228 1135 4297 Caesaris
1152 4245 1210 4289 usu

90 4342 346 4420 plancalienuest.
367 4338 525 4405 ‘Pacatum
541 4337 669 4423 insigne'
682 4339 771 4402 etiam
787 4349 904 4401 remoto
918 4336 972 4401 illo
986 4331 1113 4399 artilicio
1128 4338 1212 4393 recte

92 4441 140 4507 lici
153 4444 382 4517 demonstrant,
400 4463 476 4527 qnae
492 4440 604 4509 Cicero
618 4441 742 4527 scripsit
755 4460 810 4523 pro
825 4436 916 4503 Sext.
933 4434 988 4513 ld,
1004 4432 1047 4499 93
1070 4429 1213 4507 ‘haurne

93 4546 191 4611 cotidie
205 4568 246 4611 ex
263 4544 467 4633 pacatissimis
487 4557 576 4631 amne
598 4543 833 4631 opulentissimis
849 4536 960 4626 Syriae
973 4538 1060 4624 queis
1076 4536 1214 4600 innume·

95 4646 177 4713 rutile
190 4650 308 4735 pondus
322 4645 415 4715 auri’·
