2646 5124
493 571 818 638 -129—

71 743 248 811 ludendum
268 752 482 821 curauemnt,
500 762 539 806 ne
554 754 710 828 praetores
725 756 816 830 utque
831 750 970 814 consules
986 750 1044 815 nisi
1059 764 1129 835 post
1144 756 1230 837 quin·

77 870 126 933 qne
139 868 249 913 annos
267 846 471 930 prouinciam
485 845 748 912 administrarent:
766 849 855 932 idque
871 857 1231 923 senatusconsultnmse·

80 951 173 1037 quenti
197 970 296 1013 anno
320 968 383 1032 per
407 944 467 1012 Cn.
483 946 658 1035 Pompeium
681 951 802 1015 tertium
818 954 971 1017 consulem
988 957 1054 1041 lege
1069 961 1228 1024 conllrmn·

83 1064 133 1117 tun
154 1064 218 1118 est.
272 1050 480 1115 Referuntur
500 1051 574 1114 lineo
597 1074 615 1115 a
639 1049 746 1116 Cassio
767 1051 867 1117 Ilione
882 1052 966 1134 XL,
987 1057 1030 1121 46
1056 1059 1167 1146 δόγμα
1190 1089 1228 1131 u

85 1148 293 1241 ἐποιήσαντο
313 1151 502 1233 (Domitium
519 1154 591 1218 (licit
612 1165 643 1218 et
656 1152 846 1239 Messallam)
868 1158 999 1245 μηδένα
1022 1158 1109 1247 μήτε
1125 1190 1227 1249 σιρα-

87 1256 283 1347 ιργήσαντα
300 1250 402 1344 μήθ’
421 1249 662 1324 ὑπατεύσαντα
682 1256 744 1332 σας
766 1264 824 1334 ἔξω
848 1255 1056 1348 ἡγεμονίας,
1079 1268 1161 1350 πρὶν
1182 1264 1228 1334 ἄν

90 1363 173 1430 niune
187 1368 257 1447 ἔτη
275 1359 427 1449 διέλθῃ,
442 1354 648 1445 λαμβάνειν,
666 1371 697 1423 et
711 1358 897 1446 tlcPompcio
914 1386 941 1427 c.
953 1362 995 1428 56
1008 1359 1049 1432 τό
1064 1392 1101 1434 ιο
1116 1361 1227 1455 δόγμα

90 1464 118 1533 n·
128 1464 259 1553 μικρὸν
284 1468 503 1549 ἔμπροσθεν
515 1460 727 1549 γινόμενον,
750 1459 836 1531 οἷστε
856 1463 938 1540 τούς
952 1464 1119 1551 ἄρξονται
1133 1474 1172 1537 ἐν
1187 1474 1229 1562 τῇ
1252 1518 1255 1523 .

91 1565 172 1635 nilon
193 1565 252 1654 μή
277 1560 458 1652 πρότερον
482 1568 517 1637 ἑο
537 1563 600 1639 cole
621 1570 678 1643 ἔξω
702 1558 907 1652 ἡγεμονίας,
932 1571 1015 1654 πρὶν
1044 1570 1148 1640 πέντε
1170 1578 1228 1659 ἔτη

92 1673 283 1755 παρελθεῖν,
301 1668 520 1753 κληροῦσθαι
537 1663 756 1753 ἐπεκύρωσεν.
793 1666 866 1733 Non
882 1668 1017 1734 defininit
1032 1670 1112 1751 Dic,
1136 1695 1227 1757 aquo

92 1774 166 1839 initio
180 1774 322 1857 quinque
340 1770 388 1835 illi
403 1769 475 1833 anni
490 1771 638 1834 numerati
654 1771 733 1849 sint,
752 1770 823 1845 sed,
851 1792 917 1833 cum
934 1784 1023 1837 antea
1039 1778 1180 1840 consules
1196 1789 1226 1841 et

94 1888 236 1961 praetores
251 1874 441 1960 prouinciae
456 1871 516 1937 iam
530 1873 686 1956 superiore
706 1893 785 1936 anuo
801 1874 938 1939 decretus
954 1878 1055 1941 stetim
1071 1878 1146 1943 inito
1162 1858 1225 1942 mn·

93 1980 208 2063 pintratu
224 1979 446 2050 sortirentur,
472 1997 533 2038 nnn
548 1974 740 2040 dubitandum
756 1977 891 2054 uidetur,
916 1980 986 2061 quin
1002 1980 1039 2043 nb
1058 1981 1144 2044 initio
1161 2004 1224 2045 mn-

93 2082 240 2167 guttatus,
258 2102 327 2145 non
343 2079 384 2143 al>
401 2079 488 2142 exitu
503 2078 736 2161 quinquennium
752 2090 938 2145 numeratum
955 2083 1005 2145 sit.
1032 2080 1092 2146 Sed
1108 2084 1164 2147 linc
1180 2084 1224 2147 lc-

93 2184 353 2269 geefficiebntur,
380 2191 414 2244 nt
437 2190 521 2243 certe
543 2193 690 2245 nonanto
706 2183 959 2265 quinquennium,
983 2195 1136 2268 postquem
1162 2186 1223 2251 late

94 2298 169 2365 erut,
184 2295 308 2361 essent,
329 2284 436 2367 quiex
452 2304 488 2347 eu
503 2282 535 2346 in
549 2283 719 2368 prouincias
734 2286 941 2348 mitterentur.
978 2283 1084 2368 ltaque
1100 2309 1136 2351 eo
1151 2309 1224 2351 con·

95 2388 266 2475 fugiendum
283 2397 365 2465 ent,
390 2396 441 2465 ut,
465 2385 513 2468 qui
534 2387 739 2469 superioribus
762 2387 850 2450 crinin
872 2387 1014 2451 consules
1030 2400 1223 2469 praetoresue

95 2492 219 2557 tricem
232 2510 333 2575 neque
349 2490 382 2553 in
399 2488 570 2573 prouincias
585 2490 712 2572 profecti
729 2501 845 2568 essent,
863 2510 927 2567 eas,
946 2490 977 2552 in
989 2489 1093 2571 quibus
1104 2491 1224 2553 succedi

94 2594 240 2679 placeret,
264 2591 469 2657 sortirentur.
512 2588 599 2673 Quae
618 2613 669 2657 ree
684 2592 927 2676 quemadmodum
943 2591 1083 2656 institute
1099 2592 1158 2671 sit,
1183 2613 1222 2656 ex

94 2707 208 2761 renatus
225 2694 373 2759 consulto
390 2694 518 2779 perspici
533 2706 651 2779 potest,
675 2698 753 2779 quod
776 2715 854 2758 anno
871 2693 908 2757 51
927 2695 964 2757 <le
980 2694 1139 2778 praetoriis
1155 2716 1224 2780 pro-

94 2799 194 2863 uinclis
209 2800 329 2861 lactum
346 2806 406 2875 est,
424 2797 501 2880 qnod
517 2809 640 2863 senatus
657 2798 824 2864 consultum
841 2792 976 2861 uCaelio
991 2798 1027 2859 nd
1042 2791 1223 2863 Ciceronem

95 2902 288 2986 perscriptum
306 2898 422 2983 legitur
435 2921 484 2984 ep.
502 2900 538 2963 ad
553 2899 738 2981 ramvltl,
756 2899 789 2979 8,
806 2899 843 2965 8:
864 2898 1011 2984 ‘ltemque
1026 2901 1143 2965 senatui
1159 2901 1222 2987 pln-

94 3022 155 3069 oere
165 3004 198 3068 iu
207 3000 355 3068 Ciliciam
368 3002 564 3084 prouinciam,
580 3003 612 3066 in
624 3014 694 3067 octo
704 3003 837 3086 reliques
848 3003 1029 3087 prouincias,
1047 3025 1121 3085 quan
1135 3024 1222 3088 pree·

95 3106 155 3171 lorii
169 3127 228 3191 pro
244 3115 393 3189 praetore
407 3103 597 3181 obtinerent,
616 3126 687 3184 eos,
706 3107 756 3193 qui
771 3116 925 3190 praetores
941 3108 1063 3170 luerunt
1079 3128 1175 3189 neque
1190 3107 1221 3171 in

95 3210 278 3293 prouinciam
294 3227 364 3270 eum
379 3207 503 3291 imperio
519 3210 659 3281 luerunt,
676 3228 752 3288 quos
768 3228 870 3270 corum
886 3228 927 3270 ex
942 3217 1068 3271 senatun
1083 3208 1223 3271 consulto

95 3332 155 3375 αισι
168 3311 305 3396 imperio
320 3309 352 3371 in
368 3310 538 3395 prouincias
553 3319 762 3396 propraetore
776 3308 852 3370 mitti
868 3318 1034 3391 oporteret,
1052 3325 1104 3370 eon
1116 3306 1224 3370 sortito

96 3412 122 3477 in
135 3413 313 3499 prouincias
326 3412 405 3475 mitu'
416 3413 554 3498 placere:
572 3415 600 3479 si
615 3435 654 3478 ex
668 3434 705 3477 eo
718 3432 856 3489 numero,
874 3430 949 3492 quos
961 3430 1003 3472 ex
1012 3418 1137 3472 senatus
1152 3428 1224 3471 con·

96 3516 172 3581 culto
185 3518 218 3580 iu
232 3513 409 3600 prouincias
431 3516 477 3580 ire
492 3526 657 3601 oporteret,
674 3514 884 3577 adnumerum
902 3533 962 3575 uon
977 3520 1096 3587 essent,
1124 3509 1175 3593 qui
1191 3509 1224 3573 in

98 3638 144 3683 ecs
156 3617 337 3705 prouinciae
349 3618 621 3702 proficiscerentur,
634 3629 709 3693 tum,
724 3615 766 3681 uti
778 3616 916 3698 quodque
929 3613 1084 3700 collegium
1096 3612 1223 3697 primum

97 3732 268 3804 pnetnmm
284 3720 393 3785 luisset
408 3742 503 3804 neque
518 3723 549 3786 in
565 3719 736 3807 prouincias
752 3719 878 3804 profecti
893 3727 1014 3794 essent,
1035 3717 1078 3779 ita
1091 3726 1177 3779 sorte
1192 3714 1223 3776 iu

97 3824 279 3909 prouinciam
297 3822 577 3907 proficiscerenturt
598 3823 626 3888 si
647 3823 670 3887 ii
692 3823 729 3885 ael
752 3841 907 3884 numerum
932 3841 992 3883 non
1015 3829 1135 3895 essem,
1161 3827 1225 3880 tum

97 3926 236 4010 leineeps
253 3925 383 4009 proximi
398 3927 539 4010 cuiusque
556 3924 687 4011 collegii,
703 3922 753 4007 qui
770 3934 925 4006 praetores
942 3921 1071 3984 luissent
1080 3938 1178 4001 neque
1194 3916 1225 3977 in

98 4029 269 4113 prouincias
285 4028 412 4113 prolecti
428 4038 547 4106 essent,
571 4028 603 4091 in
625 4036 737 4091 sortem
759 4024 988 4100 conicerentur,
1013 4021 1110 4103 quoad
1126 4019 1154 4081 is
1170 4038 1226 4079 nu·

98 4152 194 4197 nertin
211 4130 342 4196 effectus
357 4139 458 4207 esset,
482 4152 569 4213 quem
585 4130 622 4193 etl
638 4148 795 4192 numerum
809 4126 841 4189 iu
858 4124 1029 4211 prouincias
1045 4121 1121 4184 mitti
1137 4138 1227 4203 opor·

99 4234 194 4299 teret'.
222 4229 359 4298 Senatus
375 4234 557 4312 consultum,
576 4253 617 4296 ex
632 4252 690 4313 quo
706 4226 850 4314 praetorii
866 4248 920 4312 pro
935 4234 1075 4311 praetore
1090 4217 1226 4283 mittemli

99 4335 249 4415 licuntur,
265 4345 405 4420 apertum
421 4346 468 4400 est
482 4335 554 4399 illud
569 4332 726 4416 intellegi,
749 4329 826 4415 quod
841 4327 976 4393 Domitio
993 4323 1141 4400 Cnlnino,
1165 4320 1229 4385 Vu-

99 4438 169 4503 lerin
183 4436 339 4505 Messalla
352 4438 525 4503 consulibus
540 4440 653 4501 lactum
668 4444 745 4499 eret.
793 4430 899 4513 ltaque
914 4450 992 4493 anno
1008 4424 1051 4490 50
1066 4425 1193 4510 primum
1208 4419 1230 4482 ii

99 4542 203 4607 sortite
226 4540 260 4606 iu
284 4541 457 4625 prouincias
478 4539 630 4627 proficisci
653 4536 813 4609 iubentur,
837 4532 886 4615 qui
909 4552 988 4595 anno
1012 4526 1053 4593 55
1076 4533 1232 4610 praetores

99 4642 229 4710 luissent
243 4664 346 4727 neque
361 4643 393 4707 in
409 4643 580 4730 prouincias
591 4639 718 4727 proiecti
733 4645 850 4712 essent,
867 4633 892 4697 si
907 4633 929 4697 ii
945 4631 982 4696 at
998 4646 1156 4694 numerum
1171 4641 1232 4685 non

124 4744 218 4802 Caesar,
234 4745 273 4791 etl.
290 4744 399 4803 Nipperd.
1000 4732 1022 4795 9
