2646 5124
555 574 798 645 EPISTOLAE
1233 578 1298 661 mi

118 748 219 831 Atque
235 748 395 831 idipsum,
419 748 496 831 quod
511 749 561 812 isti
575 749 661 814 aiunt
674 750 756 813 illum
771 749 924 826 scribere,
947 770 980 813 sc
996 749 1054 813 nisi
1070 752 1240 817 constitutis

116 852 207 917 rebus
223 873 283 915 non
298 852 406 914 iturum
423 852 454 915 in
469 849 611 928 Parthos,
628 852 705 915 idem
722 872 779 936 ego
794 853 954 917 suadebam
969 853 1000 916 in
1015 852 1067 917 ilia
1083 854 1219 937 epistota.

203 952 289 1017 Idem
304 952 380 1016 ibid.
398 950 460 1030 46,
477 953 516 1016 2ι
549 951 675 1017 Balbum
699 955 839 1019 conueni.
871 953 920 1016 Ex
945 974 980 1016 eo
1003 953 1077 1017 baec
1092 956 1237 1038 primume

118 1053 214 1119 Paulo
229 1066 300 1118 ante
315 1075 488 1138 acceperam
503 1077 556 1120 eas
571 1056 708 1135 litteras,
732 1058 763 1119 in
779 1056 885 1139 quibus
902 1076 1010 1140 magno
1025 1077 1116 1139 opere
1132 1059 1241 1122 confir-

80 1171 97 1222 t
120 1169 182 1221 mat
197 1169 267 1220 ante
283 1157 369 1221 ludos
384 1157 551 1222 Romanos.
575 1157 652 1242 Legi
669 1157 837 1242 epistolam.
862 1158 960 1222 Multa
975 1159 1011 1222 de
1027 1177 1093 1220 meo
1108 1153 1239 1240 Catone,

117 1281 175 1342 quo
191 1259 364 1342 saepissime
381 1261 507 1345 legendo
523 1282 556 1324 se
572 1261 644 1324 dicit
659 1261 856 1346 copiosiorem
873 1263 1002 1337 iactnm3
1019 1256 1108 1323 Bruti
1123 1256 1241 1326 Catone

117 1360 196 1425 lecto
211 1381 246 1425 se
261 1361 318 1425 sibi
335 1363 429 1427 nisum
446 1364 601 1427 disertum.

566 1488 605 1528 un
620 1490 649 1539 o.
664 1488 786 1530 rsorvu.

202 1569 249 1648 (a.
267 1564 326 1652 tu)
337 1565 404 1630 Cic.
415 1566 537 1630 auAtt.
547 1568 611 1645 IX,
627 1567 686 1646 14,
698 1566 735 1631 1:
760 1566 895 1632 Litteras
911 1569 1013 1653 accepi
1027 1568 1065 1632 ab
1081 1566 1121 1650 Q.
1131 1564 1239 1648 Pedio,

60 1679 94 1732 to
116 1662 279 1731 Caesarem
295 1670 331 1733 ad
347 1690 381 1733 se
397 1669 490 1754 pridie
508 1665 551 1732 ld.
569 1667 664 1733 Mart.
683 1671 802 1734 misisse
818 1671 874 1733 hoc
890 1672 1046 1755 exemplo:
1067 1669 1239 1756 ‘Pompeius

118 1791 151 1833 se
172 1772 278 1854 oppido
302 1783 391 1835 tenet.
413 1770 483 1836 Nos
506 1771 542 1835 ad
566 1783 668 1855 portas
691 1785 791 1837 castra
807 1773 961 1837 habemus.
995 1768 1151 1837 Couamnr
1166 1793 1240 1857 opus

119 1893 254 1957 magnum
272 1886 303 1939 et
317 1876 477 1939 multorum
494 1875 608 1939 dierum
624 1886 745 1961 propter
760 1876 945 1940 altitudinem
958 1875 1129 1954 maris3sed
1143 1886 1242 1938 mmen

119 1974 191 2039 nibil
212 1988 278 2055 est,
301 1979 379 2060 quod
402 1977 499 2062 potius
521 1978 677 2043 iaciamus.
709 1979 758 2042 Ab
775 1989 902 2061 utroque
918 1987 1022 2060 portus
1038 1997 1131 2041 cornu
1145 1977 1241 2040 moles

118 2079 262 2152 iacimus,
287 2090 319 2142 ut
334 2090 387 2143 aut
400 2080 481 2143 illum
498 2102 584 2161 qnam
600 2082 727 2163 primum
744 2080 872 2145 traicere
888 2079 967 2164 quod
983 2079 1070 2143 babet
1083 2076 1256 2156 Brundisii,

61 2194 93 2246 ta
117 2182 269 2267 copiarum
286 2201 426 2264 cogamus
442 2191 496 2245 aut
510 2183 596 2243 exitu
611 2180 842 2262 prohibeamus'.

563 2302 601 2341 no
617 2303 645 2342 n.
660 2299 795 2342 rrsorcsu.

206 2382 332 2447 ctam.
345 2403 382 2465 p.
392 2379 435 2445 50
446 2379 505 2442 P.=
532 2375 649 2446 Caesar
663 2380 701 2445 ab
708 2376 868 2442 Pisonem:
889 2378 1055 2444 ‘Locellum
1072 2383 1125 2447 tibi
1139 2383 1241 2466 signa·

121 2498 182 2550 tum
196 2482 322 2549 remisi'.

556 2608 594 2648 an
615 2610 642 2650 r.
659 2607 798 2651 cnnnrva.

57 2700 94 2755 2⁰
202 2694 248 2769 (ιι.
268 2688 324 2771 58)
344 2687 411 2752 Cic.
426 2708 486 2771 pro
502 2688 591 2751 domo
606 2685 640 2764 9,
653 2686 715 2752 22:
738 2686 873 2752 Litteras
889 2688 921 2751 in
936 2687 1076 2750 contione
1091 2689 1240 2768 recitasti,

119 2811 193 2873 quas
217 2790 269 2853 tibi
293 2811 310 2852 a
334 2786 372 2853 C.
391 2785 525 2852 Caesare
548 2789 658 2853 missas
681 2788 817 2852 diceres:
843 2783 973 2852 ‘Caesar
987 2786 1149 2868 Pulchro',
1174 2812 1241 2854 cum

119 2891 208 2954 etiam
231 2911 264 2969 es
286 2901 511 2974 argumentatus
533 2893 644 2956 amoris
664 2911 733 2955 esse
755 2891 809 2954 boc
825 2891 963 2975 signum,
987 2911 1055 2954 oum
1071 2892 1240 2956 nominibus

120 3003 233 3056 tantum
261 3003 398 3057 uteretur
421 3013 517 3076 neque
541 2994 707 3057 ascriberet
727 2992 887 3079 proconsul
910 3003 962 3057 aut
984 2993 1103 3057 tribuno
1125 2993 1240 3078 plebis;

117 3095 222 3159 deinde
238 3095 383 3180 gratulari
400 3094 471 3173 tibi,
495 3096 572 3178 qnod
587 3095 678 3180 [idem
694 3096 725 3159 in
740 3096 906 3181 posterum]
922 3093 967 3158 M.
983 3094 1131 3161 Catonem
1147 3095 1242 3160 tribu·

57 3209 93 3263 25
116 3208 188 3260 natu
209 3206 260 3260 tuo
276 3197 458 3261 remouisses
474 3207 506 3259 et
520 3197 597 3280 quod
613 3197 708 3261 eidem
724 3197 755 3260 in
770 3208 922 3282 posterum
938 3199 973 3260 de
989 3198 1241 3262 extraordinariis

118 3299 316 3384 potestatibus
338 3298 504 3362 libertatem
521 3299 704 3377 ademisses3
727 3319 801 3381 quas
816 3309 868 3361 aut
882 3320 1040 3382 numquam
1058 3298 1111 3362 tibi
1126 3300 1177 3363 ille
1192 3297 1241 3363 lit-

118 3413 198 3466 teras
213 3403 313 3480 misit,
336 3391 389 3466 aut
403 3400 430 3464 si
446 3401 547 3480 misit,
571 3401 602 3464 in
618 3402 759 3465 contione
774 3401 898 3466 recitari
913 3402 1028 3480 noluit,
1044 3411 1097 3465 aut
1110 3401 1175 3465 siue
1190 3401 1242 3466 itte

117 3504 217 3583 misit,
234 3505 299 3569 siue
316 3515 347 3567 tu
363 3503 497 3581 finxisti,
517 3513 597 3566 oerte
612 3502 768 3568 eonsilium
785 3514 868 3567 tuum
883 3505 920 3568 de
935 3499 1060 3569 Catonis
1077 3505 1191 3568 bonore
1206 3503 1242 3568 it-

117 3606 210 3669 larum
226 3607 395 3670 litterarum
410 3605 588 3670 recitatione
604 3605 785 3688 patefactum
800 3615 859 3670 est.

58 3718 93 3771 30
555 3730 594 3774 an
608 3729 641 3770 nr.
659 3728 802 3772 massan.

200 3812 246 3890 (α.
265 3807 321 3891 55)
336 3807 422 3874 Plut.
439 3808 547 3873 Crass.
559 3806 616 3872 16:
642 3807 767 3877 Καίτοι
780 3809 825 3898 τῷ
841 3809 1004 3896 γραφέντι
1019 3811 1095 3895 capt
1110 3805 1241 3877 τούτων

117 3904 214 3994 νόμῳ
229 3909 410 3994 Παρθικὸς
423 3907 573 3998 πόλεμος
587 3907 629 3978 ori
644 3912 785 3998 προσῆν.
803 3907 970 3981 Ἧιδισαα
985 3909 1021 3978 δὲ
1036 3905 1177 3986 πάντες,
1189 3907 1243 3978 ὅτι

117 4006 202 4092 πρὸς
225 4011 325 4077 ταῦτα
343 4010 500 4097 Κράσσος
522 4007 779 4098 incarcerant
801 4018 938 4099 Καῖσαρ
960 4019 996 4078 ἐκ
1012 4013 1243 4081 retectae-t-

116 4126 253 4196 γραψεν
267 4106 355 4204 αὐτῷ
370 4112 434 4200 τήν
448 4111 563 4203 όρμὴα
578 4116 730 4182 ἐπαινῶν
747 4115 803 4181 καὶ
817 4109 1016 4196 παροξύνων
1032 4110 1089 4175 tot
1104 4109 1165 4176 τὸν
1176 4107 1241 4176 τιό-

50 4222 92 4275 ¹tt
115 4214 233 4299 λεμοα.

224 4329 300 4396 bono
313 4329 374 4382 eod.
386 4330 517 4382 Lambini
524 4347 533 4392 ,·
547 4344 596 4396 qna
606 4327 754 4390 nauteam,
769 4341 835 4392 quae
848 4324 909 4376 edd.
919 4328 1045 4392 primae:
1060 4340 1136 4392 quem
1144 4327 1243 4377 Ascen-

114 4408 196 4457 sa‘ana
206 4410 308 4473 prima.
439 4408 471 4459 15
485 4406 583 4458 exitum
596 4405 743 4456 Medicam.
844 4406 854 4412 ”
876 4403 905 4454 Π
920 4402 1019 4453 Cacsar
1031 4403 1063 4455 de
1075 4403 1169 4455 Pisone
1183 4403 1241 4454 cod.

223 4484 601 4551 taproconcutcmanecanue
610 4486 728 4550 primas.
834 4481 941 4535 biidenr
956 4481 982 4533 in
996 4490 1129 4549 posterum
1142 4480 1246 4531 deleuit

115 4559 277 4614 Lambinus.
376 4562 503 4619 stetten
512 4561 639 4627 Vrsinus,
648 4560 800 4612 idemeudd.
901 4561 935 4616 ³2
943 4556 1244 4631 ΠαρθικὸιΡιιαιίοιιρ-

112 4637 448 4712 picam,rrcipomareodd.
539 4634 953 4705 bba'arabpsoPaeudoappianae.
1040 4633 1242 4705 ἴγραφινίαοπι.
