2646 5124
498 580 796 649 -93-

168 757 351 845 Compositis
367 756 563 822 Haeduorum
579 758 798 822 controuersiis
813 755 932 824 Caesar
945 764 1066 845 partitis
1085 787 1153 831 cum
1169 763 1208 834 Τ.

95 861 216 930 Labieno
231 864 329 948 copiis
344 863 410 946 ipse
426 882 494 925 cum
507 859 555 927 Vd
570 862 738 946 legionibus
753 863 791 925 ad
806 864 944 948 oppidum
960 863 1146 952 Gergouiam
1160 892 1211 935 sc·

94 969 205 1031 eundum
222 968 334 1031 dumcu
351 964 467 1030 Elauer
480 967 634 1050 proiectus
649 976 706 1029 est.
741 964 823 1049 ‘Qua
839 989 872 1031 re
887 969 1033 1054 coguita',
1055 971 1155 1054 iuquit
1177 996 1207 1038 c.

91 1067 238 1148 uentu,
269 1068 523 1154 ‘Vercingetorix
538 1069 675 1133 omuibus
690 1071 867 1155 interruptis
882 1072 947 1135 cius
964 1071 1094 1137 fluminis
1110 1077 1209 1158 ponti·

89 1172 129 1236 bus
144 1173 183 1236 nb
198 1173 301 1237 altera
318 1172 450 1236 fluminis
465 1181 551 1261 parte
566 1172 627 1235 iter
639 1174 741 1237 lacere
756 1174 877 1257 coepit’.
923 1170 970 1236 lta
989 1175 1067 1238 euim
1083 1178 1115 1240 in
1129 1178 1208 1243 inte·

87 1276 136 1358 pis
150 1277 242 1340 codd.
262 1276 340 1339 baec
355 1276 516 1358 leguntur:
533 1274 566 1338 iu
581 1275 769 1359 interpolatis
786 1296 839 1359 pro
854 1275 950 1340 altero
967 1276 1133 1341 ‘duminio'
1156 1302 1208 1363 po-

87 1378 162 1441 situm
176 1388 229 1443 ert
254 1376 451 1456 ‘Elaueris’,
475 1398 541 1441 cum
564 1378 704 1461 repetitio
720 1377 852 1441 eiusdem
869 1378 1007 1442 uocnbuli
1023 1379 1207 1466 displiceret.

86 1476 188 1544 deinde
203 1479 332 1544 initium
348 1502 378 1544 c.
402 1477 444 1542 35
464 1479 539 1543 item
552 1499 593 1542 ex
608 1480 736 1566 integris
752 1481 838 1544 codd.
856 1482 899 1544 ito
915 1480 1078 1559 constituis
1112 1478 1217 1547 ‘Cum

86 1592 195 1668 uterque
210 1582 369 1665 utrimque
385 1583 504 1647 exisset
518 1584 686 1657 exercitus,
702 1582 734 1645 iu
746 1594 910 1666 conspectu
921 1585 1044 1666 fereque
1057 1603 1074 1647 e
1085 1583 1210 1665 regione

86 1686 180 1749 ostris
195 1696 308 1749 castra
323 1684 488 1770 ponebant.
518 1681 682 1768 Dispositis
698 1684 961 1768 exploratoribus,
979 1684 1086 1749 necubi
1101 1686 1210 1749 edecto

85 1800 161 1872 ponte
174 1786 315 1853 Romani
332 1786 434 1871 copias
458 1787 667 1866 traducerent,
692 1798 759 1852 erat
778 1788 809 1851 iu
833 1789 951 1871 maguis
966 1783 1110 1852 Caesaris
1132 1786 1209 1852 didi-

85 1892 232 1955 ultatibus
249 1910 327 1968 res,
350 1908 390 1954 uc
410 1890 554 1953 maiorem
576 1884 700 1956 assutis
723 1901 837 1976 partem
858 1889 979 1954 domiue
999 1890 1206 1975 impediretur,

86 1995 148 2077 pud
168 2015 234 2059 non
258 1993 328 2057 lere
349 2002 423 2057 ante
444 2003 619 2056 autumnum
643 1992 757 2058 Elauer
778 1995 854 2059 uudo
871 1993 993 2057 transiri
1008 1992 1115 2057 sodet'.
1158 1991 1207 2056 dtu

85 2098 210 2161 tratione
225 2096 375 2159 distincta
390 2095 491 2159 omnia
507 2096 618 2180 optimc
634 2096 753 2161 habeut.
786 2092 863 2161 Cum
886 2096 966 2161 cuim
983 2092 1148 2161 Caesario
1163 2097 1208 2160 al·

86 2208 141 2263 tera
152 2198 302 2263 Elaueris
319 2208 405 2281 parte
420 2207 514 2275 esset,
531 2198 562 2262 iu
577 2199 673 2264 ultera
683 2198 934 2284 Vercingetorix,
951 2199 1056 2262 eodem
1072 2208 1207 2282 tempore

88 2312 205 2385 uterque
218 2301 373 2382 utrimque
389 2298 495 2363 exibat
514 2300 642 2385 itemque
661 2302 771 2367 cotidie
786 2313 889 2365 castra
902 2301 933 2363 iu
949 2311 1112 2384 conspectu
1128 2302 1207 2365 lere-

91 2424 140 2485 qne
153 2424 171 2467 c
183 2403 310 2490 afflone
326 2401 490 2488 ponebant.
522 2400 604 2467 Nam
612 2402 863 2490 Vercingetorix,
878 2424 916 2467 ue
926 2399 1091 2468 Caesarem
1107 2413 1208 2466 traus-

90 2505 127 2570 'ue
146 2506 257 2571 dumeu
280 2516 458 2591 pateretur,
483 2526 524 2570 cx
546 2519 709 2593 conspectu
724 2528 793 2572 eum
808 2528 870 2571 non
885 2504 1066 2569 dimittebat.
1112 2500 1146 2567 lu
1162 2503 1208 2567 iu-

89 2610 233 2694 terpolntis
249 2610 340 2674 codd.
359 2608 452 2673 uerba
476 2609 525 2673 ‘in
540 2612 718 2697 conspectu'
739 2609 944 2696 superioribus
960 2608 1122 2673 coniuncta
1136 2616 1209 2670 sunt

89 2722 109 2775 ct
123 2713 249 2777 baecita
259 2713 461 2777 conformetur
473 2720 553 2777 ‘cum
565 2724 690 2796 uterque
702 2714 821 2797 utrique
835 2723 918 2777 essct
928 2710 1080 2776 exercitui
1094 2710 1125 2773 in
1136 2730 1209 2773 con·

89 2815 202 2898 rpectn',
219 2815 470 2899 quemadmodum
484 2816 596 2900 legitur
608 2817 641 2879 iu
654 2813 726 2879 Par.
742 2836 806 2880 sec.
825 2826 856 2880 et
870 2815 972 2880 Haun.
990 2834 1037 2899 pr.
1055 2812 1207 2896 (idemque

87 2917 227 3001 ignum
250 2919 423 3003 corruptela
444 2915 533 2982 Leid.
558 2940 604 3004 pr.
623 2921 805 2985 ‘exercitum
832 2927 1010 3004 conspectus
1018 2916 1055 2998 ’),
1081 2916 1149 2994 uel,
1173 2926 1208 2980 ut

88 3022 193 3087 oditur:
222 3030 308 3087 ‘cnm
323 3032 450 3106 uterque
464 3022 584 3105 utrique
599 3033 682 3087 essct
697 3023 851 3088 exercitus
866 3023 897 3087 in
913 3020 1104 3106 conspectu’,
1127 3038 1207 3101 quae

86 3122 216 3213 irScal.
243 3121 317 3189 Cui.
341 3124 423 3187 And.
449 3121 554 3189 Oxou.
575 3126 688 3208 scripta
711 3144 779 3189 esse
808 3125 957 3189 dicuutur.
1003 3121 1081 3186 Tum
1102 3140 1209 3185 neces·

85 3226 345 3312 tsmn‘ponebnnt'
353 3236 497 3291 mutatum
513 3238 561 3290 est
574 3227 606 3290 in
617 3226 844 3309 ‘ponerent’uel
860 3225 1021 3310 ‘poneret'.
1038 3222 1142 3289 Verba
1155 3243 1210 3285 au-

85 3330 320 3415 tem‘dispositis
330 3328 834 3414 exploratoribus—traducerent
845 3326 1041 3409 sequeutibus
1050 3321 1209 3400 coniunxi,

85 3434 150 3515 quia
170 3433 230 3496 boc
252 3433 342 3498 modo
366 3433 575 3517 exploratores
590 3452 609 3493 n
624 3428 879 3514 Vercingetorige
894 3427 1056 3512 dispositos
1072 3446 1141 3491 esse
1156 3444 1211 3509 per

84 3554 116 3598 sc
130 3534 339 3618 intellegitur3
365 3536 392 3598 si
408 3533 611 3620 superioribus
626 3532 839 3610 edicerentur,
857 3541 889 3596 et
903 3526 1069 3594 Caesarem
1085 3542 1115 3593 et
1129 3525 1209 3594 Ver-

85 3637 299 3723 cingetorigem
321 3638 352 3702 id
374 3638 484 3702 iecisse
498 3637 729 3722 intellegendum
745 3646 847 3713 esset,
871 3634 950 3718 quod
972 3644 1094 3719 propter
1115 3631 1209 3697 uerba

85 3740 204 3804 ‘necrsbi
220 3740 331 3803 effecto
345 3750 435 3824 ponte
450 3738 579 3804 Romani
593 3738 696 3823 copias
711 3736 914 3802 truducereut'
928 3736 1061 3820 iucptum
1077 3745 1136 3798 est.

164 3840 339 3927 Excipiunt
354 3842 445 3906 baec:
472 3838 615 3925 ‘ltaque,
640 3861 679 3905 ne
701 3840 733 3904 id
747 3841 910 3913 accideret,
926 3837 1061 3902 siluestri
1076 3836 1144 3899 loco
1159 3854 1211 3895 oa-

86 3945 153 4009 stris
167 3944 279 4028 positis
301 3964 319 4008 e
333 3946 459 4027 regione
482 3945 570 4008 unius
584 3964 688 4009 eorum
705 3943 857 4026 pontium,
880 3961 956 4023 quos
972 3934 1211 4022 Vercingetorix

86 4046 301 4110 rescindendos
314 4058 495 4125 cursuerat,
519 4057 640 4131 postero
655 4046 704 4109 die
718 4065 784 4108 cum
799 4043 915 4107 duabus
930 4040 1097 4126 legionibus
1113 4038 1145 4099 iu
1160 4055 1211 4098 oc-

87 4152 163 4214 culto
178 4149 314 4227 restitit,
331 4149 463 4231 reliquas
478 4149 579 4234 copias
594 4170 662 4213 cum
676 4146 814 4211 omuibus
828 4143 1067 4228 impedimentis,
1091 4148 1125 4201 ut
1139 4156 1213 4199 cou-

88 4262 207 4324 suerst,
225 4250 308 4316 misit
322 4252 418 4336 captis
433 4250 608 4335 quibusdam
624 4248 817 4324 cohortibus,
840 4243 884 4306 uti
900 4264 1044 4307 uumerus
1059 4240 1214 4323 legionum

90 4365 226 4419 constare
241 4353 419 4418 uideretur'.
448 4351 551 4418 Verba
566 4353 676 4438 ‘captis
688 4349 862 4434 quibusdam
872 4341 1056 4409 cohortibus’
1073 4347 1216 4421 corrupta

91 4474 153 4519 csse
168 4478 275 4521 omues
290 4457 496 4522 consentiunt.
536 4453 618 4539 Quid
632 4451 750 4520 Caesar
764 4450 936 4536 siguificare
951 4444 1102 4520 uoluerit,
1127 4458 1217 4522 aper·

93 4567 148 4621 tum
162 4572 222 4624 est.
246 4556 330 4623 Nam
345 4580 413 4625 curu
429 4580 472 4624 ex
484 4574 543 4624 sex
557 4556 739 4643 legionibus,
755 4572 830 4637 quas
846 4549 974 4616 babebat
989 4544 1059 4626 (34,
1075 4543 1125 4622 2),
1142 4539 1217 4647 duas

93 4663 275 4744 retinuisset,
292 4672 436 4748 quattuor
448 4663 585 4747 reliquae
598 4661 642 4727 ita
658 4657 793 4725 ordinari
806 4651 976 4725 debebant,
1003 4654 1038 4708 ut
1051 4662 1108 4707 sex
1124 4640 1220 4720 legro·
