2646 5124
238 1399 283 1473 u.
332 1396 514 1470 rvnrr
558 1393 907 1471 cunsnurs

95 1614 202 1721 ult
255 1611 567 1720 BELLO
621 1611 1051 1723 GALLIOO

296 1846 649 1917 COMMENTARIVS
670 1846 844 1918 PRIMVS.

467 2093 675 2105 -—-—--——

108 2338 200 2407 Gallia
222 2350 269 2405 est
290 2342 381 2406 omnis
397 2342 494 2406 diuisa
509 2342 540 2405 in
555 2352 657 2426 partes
672 2352 752 2422 tres3
787 2362 912 2425 quarum
933 2365 1024 2408 uuam
1045 2348 1129 2412 ineo·

61 2452 93 2507 ut
102 2439 227 2530 Belgae,
250 2442 336 2509 aliam
351 2443 517 2528 Aquitani,
540 2442 660 2507 tertiam
675 2444 726 2525 qui
742 2444 874 2528 ipsorum
890 2447 993 2531 lingua
1009 2442 1129 2531 Celtae,

61 2554 119 2611 uui
133 2544 211 2613 Galli
226 2546 423 2633 appellantur.
455 2545 497 2609 lli
513 2566 617 2609 omnes
632 2545 752 2630 lingua,
769 2547 934 2624 institutis,
952 2548 1070 2632 legibus
1086 2550 1167 2616 in-2

61 2666 111 2723 rae
122 2651 273 2717 lillemnt.
312 2646 418 2715 Gallos
439 2648 475 2713 ab
490 2647 651 2731 Aquitanis
667 2647 822 2715 Garumna
838 2650 967 2730 flumen,
992 2648 1132 2736 allelgis

61 2741 155 2817 latrum
168 2764 200 2818 et
215 2750 357 2838 Sequana
374 2752 489 2817 diuidit.
521 2748 637 2814 llorum
653 2752 784 2815 omnium
801 2754 955 2817 fortissimi
972 2765 1044 2818 suut
1058 2750 1130 2819 Bel·
1146 2760 1166 2819 3

61 2872 91 2931 u,
101 2867 253 2941 propterea
269 2855 348 2938 quod
364 2877 382 2919 a
398 2854 478 2919 cultu
495 2862 584 2936 atque
600 2853 785 2919 humanitate
800 2856 975 2940 prouinciae
990 2855 1130 2941 longissi-

61 2954 196 3036 talsnnt‚
220 2958 402 3040 minimeque
426 2957 464 3021 ad
479 2975 532 3018 eos
547 2967 732 3021 mercatores
748 2978 839 3042 saepe
854 2968 1022 3022 commeant
1036 2971 1128 3042 atque

61 3078 150 3141 ,quae
164 3061 202 3124 atl
218 3060 432 3125 effeminandos
447 3058 564 3120 animos
578 3059 740 3140 pertinent,
757 3060 924 3143 inportant,
942 3062 1130 3144 proximique
1146 3070 1166 3124 t

61 3167 87 3222 at
98 3157 268 3239 Germanis,
285 3161 336 3245 qui
352 3171 436 3224 trans
451 3158 591 3222 Rhenum
608 3159 763 3235 incolunt,
781 3161 955 3241 quibuscum
972 3163 1131 3225 continen-

61 3258 177 3327 rlellnm
192 3272 315 3348 gerunt,
348 3258 417 3344 Qua
432 3262 469 3327 de
484 3282 577 3325 eausa
593 3258 727 3323 lleluetii
744 3282 860 3343 quoque
876 3264 1007 3343 reliquos
1023 3259 1129 3326 Gallos

61 3370 123 3427 tau
143 3366 343 3449 praecedunt,
368 3366 445 3447 quotl
467 3366 529 3427 lere
554 3362 712 3427 cotidianis
733 3363 857 3446 proeliis
880 3384 946 3426 cum
967 3361 1131 3426 Germanis

83 3548 431 3591 manauerantque.
457 3536 552 3601 Incipit
563 3534 632 3585 liter
644 3533 702 3586 Gaii
716 3534 840 3587 Caesaris
852 3535 916 3586 hetti
930 3534 1026 3586 Gallici
1039 3532 1133 3586 laliani

67 3616 208 3667 moon
221 3624 382 3682 temporum,
403 3620 461 3664 tum
472 3615 557 3665 rutro
571 3613 666 3681 lneipit
678 3614 746 3665 liber
758 3613 876 3665 Suetonii
890 3615 932 3677 Ap
947 3613 1059 3681 lncipint
1071 3613 1133 3677 (ric)

61 3686 142 3743 etati
153 3692 277 3744 Caesaris
290 3691 354 3742 belli
368 3689 463 3741 Gallici
477 3688 572 3741 loliani
583 3690 616 3741 tle
630 3691 781 3741 narratione
794 3698 937 3756 temporum
949 3691 989 3756 113
1004 3690 1134 3757 lneipluat

61 3762 141 3818 thaii
151 3768 276 3820 Caesaris
289 3767 354 3818 belli
366 3766 463 3818 Gallici
477 3764 536 3817 lnlii
550 3765 620 3817 Celsi
634 3767 665 3816 ile
678 3767 831 3817 narratione
850 3775 993 3834 temporum
1005 3768 1044 3832 133
1066 3766 1133 3818 lnei-

61 3846 153 3901 utttrt
166 3846 227 3900 Gaii
242 3846 302 3898 lulii
316 3844 439 3897 Caesaris
452 3843 516 3895 belli
529 3842 625 3895 Gallici
636 3845 669 3894 ale
681 3844 832 3895 narratione
846 3853 987 3911 temporum
1004 3861 1052 3897 ee.
1078 3844 1132 3894 ‘lie

61 3920 158 3975 rumne
171 3930 314 3991 temporum
327 3924 458 3988 hocopus
471 3922 627 3971 inscribunt
637 3922 706 3972 Dt':
720 3925 748 3972 in
755 3924 781 3988 f
788 3926 931 3989 inscriptio
943 3923 1020 3974 uuila
1032 3928 1082 3973 eat.
1100 3922 1133 3971 P.

66 4004 128 4053 uta.
212 4003 225 4055 l
239 4001 412 4067 omnis-ests.
500 4005 554 4050 tres
566 4001 725 4066 putealis,
738 4002 820 4067 partis
834 4009 888 4053 tres
901 4018 929 4067 u,
942 4010 1031 4068 partes
1044 4002 1093 4052 tria
1107 4002 1132 4050 li.

114 4081 264 4135 'alteram
287 4079 413 4147 Aquitani
435 4079 582 4130 Airaea'aus
609 4079 641 4129 dc
657 4083 730 4144 goat.
746 4078 847 4129 liene
866 4080 960 4145 praej.
980 4095 1005 4128 e.
1024 4079 1041 4128 l
1060 4077 1136 4143 apud

61 4158 193 4224 nutam,
214 4160 295 4209 euius
315 4162 406 4209 tamen
426 4154 480 4207 duo
496 4154 575 4207 codd.
597 4154 675 4205 aliam
695 4159 796 4207 teuent.
903 4156 1030 4206 inostro
1047 4160 1133 4205 autem

61 4228 117 4287 Μ,
220 4237 259 4288 liii
275 4237 311 4289 Ε.
417 4235 435 4285 t
454 4232 578 4287 Garunna
598 4232 681 4301 Bssfi
702 4232 833 4287 Garumna
850 4234 1007 4285 Aimoieua.

61 4314 198 4380 muts.
317 4314 335 4365 8
353 4314 489 4380 inportant
504 4310 631 4363 Aaou.
743 4310 759 4361 li
778 4308 875 4363 lienum
887 4310 973 4375 uns.
1079 4311 1136 4378 qui-

61 4396 134 4443 tiam
149 4392 240 4445 delato
263 4408 322 4444 nam
342 4390 480 4443 eteoclem
497 4393 562 4441 aeta
581 4387 675 4454 quibua
692 4391 883 4453 supmmpte
897 4389 939 4453 B,
960 4403 1019 4441 ean
1038 4390 1133 4454 quibua

61 4462 160 4523 bum.
274 4472 308 4525 tt
327 4469 439 4523 lleluitli
456 4469 483 4521 A
505 4482 621 4535 semper.
733 4468 763 4519 ll
785 4467 881 4533 lonas.
993 4468 1135 4519 cotidianis

61 4538 115 4612 lat,
125 4552 286 4617 abicumque
296 4551 567 4611 austeriorum,
581 4548 622 4613 B‚·
634 4547 830 4614 eottitlianiss.
941 4546 1051 4613 praeliis
1070 4550 1135 4596 oum

61 4627 129 4680 Μ.
