2646 5124
499 580 802 653 ...ῃ-

87 758 287 829 mnnnmat’
302 758 341 823 aa
354 757 484 823 alterum
509 766 624 823 tantum
645 758 833 844 participium
857 764 1113 847 ‘contractisque’
1133 768 1214 831 rele-

84 884 179 931 ranns
194 874 290 947 atque
303 862 349 927 sie
363 861 438 926 llaec
451 861 548 926 uerba
562 880 758 925 enarremnss
785 862 931 927 ‘nauibus
946 866 1069 929 circiter
1082 862 1213 931 LXXX

84 967 227 1033 nunriis
243 964 361 1029 coactis
376 974 408 1027 et
422 974 468 1027 tot
482 963 610 1027 nauibus
625 964 802 1039 contractis,
820 976 892 1047 qnot
906 967 981 1029 satis
997 986 1065 1031 esse
1084 968 1121 1030 otl
1137 970 1212 1033 duas

83 1069 330 1153 nunsportantlas
345 1067 481 1151 legiones
497 1066 712 1131 existimabot’.
758 1060 826 1129 lloc
848 1068 989 1133 modoet
1011 1070 1159 1135 onerariis
1182 1082 1215 1136 et

83 1170 177 1257 longis
192 1169 327 1236 nauibus
343 1170 499 1234 exereitus
515 1169 670 1233 traductus
686 1166 812 1243 dicitnr,
838 1181 873 1232 ιιι
887 1182 970 1235 reete
986 1192 1014 1234 o.
1031 1170 1092 1249 29,
1109 1172 1130 1235 2
1146 1175 1212 1238 lon-

83 1274 133 1361 gae
147 1294 246 1339 nones
262 1271 491 1337 commemorari
508 1272 673 1355 potuerint,
689 1271 798 1353 quibos
813 1270 843 1333 itl
854 1273 963 1335 laetum
977 1285 1070 1337 esset.
1095 1272 1212 1341 lleintle

83 1376 134 1441 ism
148 1386 237 1441 reete
251 1376 315 1439 dnn
330 1375 423 1440 uerba
438 1374 545 1438 similis
559 1373 787 1458 significationis
804 1384 966 1456 ponuntur,
984 1385 1087 1460 utpote
1095 1378 1132 1440 sle
1141 1379 1213 1442 dna·

84 1478 133 1545 lu
153 1478 272 1556 rebus,
298 1477 547 1561 quemadmodum
570 1476 635 1539 hor.
660 1498 770 1539 nomm.
795 1473 843 1554 ll,
867 1475 932 1553 25,
958 1479 976 1541 1
1000 1479 1142 1563 scriptum
1166 1492 1215 1545 est

87 1580 327 1647 ‘centurionibus
342 1578 451 1643 occisis
465 1579 671 1662 signiferoque
693 1577 885 1643 interlecto’.
920 1575 1038 1659 ‘Quot‘
1059 1592 1158 1645 antem
1181 1584 1214 1646 in

85 1684 135 1749 lae
147 1684 271 1747 ratione
288 1682 494 1747 necessarium
510 1701 579 1745 esse
594 1692 729 1765 apparet.
775 1677 917 1745 Orosium
939 1684 1087 1747 eteoclem
1105 1684 1153 1747 lie
1168 1696 1214 1749 at-

88 1806 140 1869 que
160 1806 218 1849 nos
238 1785 357 1869 legisse
375 1803 475 1867 neqne
495 1783 586 1846 aliter
606 1783 699 1861 haee,
724 1802 811 1866 qnam
834 1784 925 1867 nnlgo
948 1786 999 1863 lit,
1020 1786 1213 1851 intellexisse

88 1888 171 1953 nerlts
187 1888 256 1953 eins
279 1884 370 1965 (Vl,
394 1884 438 1967 9)
459 1887 638 1950 ostendnnts
666 1886 805 1950 ‘nauibus
819 1886 942 1951 circiter
956 1889 1107 1952 onerariis
1120 1900 1211 1972 atque

89 1992 223 2055 uariis
246 1986 407 2072 octoginta
429 1987 617 2072 praeparatis
638 1987 671 2051 in
689 1986 873 2051 Britanniam
889 1991 1124 2071 transuehitnr’‚
1151 1992 1210 2057 nisi

89 2091 342 2177 polemoniae,
360 2101 392 2153 nt
406 2089 465 2154 alia
479 2089 548 2153 aliis
562 2090 651 2167 locis,
667 2090 732 2174 ipse
746 2091 865 2155 adiecit.

148 2192 206 2263 .C·
224 2192 291 2271 38,
307 2192 330 2257 2
345 2212 386 2257 ex
400 2191 552 2256 codicibus
567 2192 767 2279 interpolatae
783 2194 914 2258 lamiliue
928 2195 1025 2259 adhue
1039 2196 1083 2260 ila
1097 2196 1210 2261 etlitnm

89 2308 147 2363 ests
162 2294 238 2380 ‘Qui
253 2318 326 2359 enm
341 2306 464 2380 propter
477 2296 630 2359 siccitates
645 2295 800 2378 paludum,
818 2318 875 2379 qno
890 2318 924 2361 se
939 2297 1127 2381 reciperent,
1151 2320 1211 2364 uon

89 2398 249 2477 hlercnt,
273 2420 335 2483 qno
356 2399 494 2481 perfugio
515 2399 671 2481 superiore
687 2418 767 2462 anuo
783 2409 872 2463 erant
885 2399 952 2474 nsi,
974 2420 1079 2464 omnes
1099 2403 1211 2466 lorcin

89 2514 264 2589 pmutatem
280 2500 411 2565 Labieni
427 2501 653 2585 pernenernnt‘.
685 2497 746 2565 sea
765 2503 798 2565 in
819 2501 915 2565 lrilous
930 2502 1050 2587 optimis
1065 2503 1152 2566 codd.
1169 2504 1213 2568 le-

89 2606 165 2689 g'tnr
180 2613 255 2688 ‘qno
271 2604 432 2688 superiore
446 2623 525 2667 anno
540 2606 716 2687 perluceant
729 2605 776 2669 nsi
785 2607 806 2681 ’‚
831 2604 918 2669 cuins
932 2606 1102 2689 scripturae
1117 2604 1148 2669 in
1164 2626 1213 2670 re·

89 2708 171 2793 lignis
185 2708 342 2772 eorrectio
358 2715 501 2790 temptata
522 2715 587 2785 est,
610 2708 692 2771 nelnt
714 2707 746 2769 in
760 2706 849 2792 Egm.
866 2718 899 2771 et
912 2705 1003 2771 Vrat.
1028 2728 1074 2792 pr.
1099 2709 1212 2773 omisso

90 2810 172 2895 ’μζ
188 2812 224 2877 in
236 2810 309 2877 aliis
323 2809 466 2891 -‘semper'
481 2808 551 2873 inde
566 2810 686 2873 ellectu.
709 2808 823 2874 Verum
840 2810 915 2873 uidit
923 2808 1209 2892 Weissenbornins,

90 2914 135 2997 gri
146 2913 179 2978 in
194 2910 325 2998 Bergkii
341 2922 372 2977 et
385 2908 529 2975 Caesaris
544 2913 660 2997 ephem.
677 2932 707 2975 a.
726 2910 810 2977 1843
826 2934 854 2997 p.
874 2911 915 2977 53
929 2914 1120 2979 scribendum
1133 2916 1213 2981 lixit

90 3022 156 3101 ‘qno
169 3018 332 3101 superiore
348 3036 428 3079 auno
443 3015 578 3099 perlngio
594 3017 713 3079 inerant
732 3015 801 3080 nsi'.
846 3015 991 3100 Apertum
1015 3030 1063 3082 est
1084 3020 1162 3082 enirn
1178 3020 1212 3083 in

88 3120 203 3205 qlimis
219 3119 310 3183 codd.
332 3119 371 3183 ab
393 3120 496 3183 eatlem
517 3118 635 3205 syllaba
649 3119 687 3181 atl
703 3117 827 3181 alteram
848 3118 1037 3197 oberratum,
1061 3120 1092 3183 in
1115 3122 1213 3185 inter-

86 3222 189 3305 pelrtis
204 3232 309 3286 antem
325 3232 358 3285 et
371 3222 530 3285 nerlornru
546 3220 771 3285 collocationem
795 3229 826 3282 et
848 3220 974 3284 somnam
989 3222 1214 3305 plusquamper-

86 3324 207 3389 teniat
223 3324 467 3409 pernegatiorem
481 3324 632 3387 rationem
648 3331 761 3385 mnmta
776 3339 857 3384 esse.
894 3320 977 3383 Nam
992 3322 1070 3407 qnocl
1087 3320 1215 3387 Schnei-

84 3426 175 3491 derns
188 3422 336 3513 scriptum
353 3426 538 3511 fnissepntat
555 3437 625 3511 ‘qno
633 3424 790 3508 superiore
805 3442 885 3485 anno
895 3423 1031 3507 perfugio
1041 3434 1128 3487 erant
1142 3422 1212 3503 nsi,

84 3526 125 3595 ila
141 3548 236 3593 cansa
248 3528 412 3595 aberrmli
427 3550 486 3593 nou
503 3539 581 3593 eret.
626 3525 924 3611 Plusqnamperlecta
947 3538 1046 3589 antem
1066 3526 1131 3591 eins
1151 3528 1214 3592 lor-

86 3652 164 3711 ne,
181 3632 272 3695 cuins
286 3641 336 3695 est
351 3632 474 3693 ‘ineram
490 3633 584 3709 nsns'‚
602 3652 663 3694 nnn
677 3633 775 3695 solnm
790 3630 828 3694 ad
843 3630 970 3693 alterum
987 3629 1212 3716 plusquamper-

86 3736 207 3809 lectnm,
225 3734 281 3797 sed
290 3753 384 3816 aeque
391 3744 475 3798 recte
484 3735 521 3796 ad
535 3732 752 3814 imperfectum,
771 3734 947 3818 perlectum,
966 3733 1212 3816 praesenslisto-

86 3838 178 3902 risum
193 3838 393 3901 referunturs
416 3837 445 3900 ia
461 3836 540 3900 enim
556 3832 773 3899 Schneidernm
788 3856 918 3919 negare,
942 3854 983 3899 cx
998 3834 1036 3899 iis
1051 3834 1211 3917 exemplis,

87 3960 159 4023 gnae
173 3937 335 4022 ascripsit,
352 3938 479 4024 collig03
497 3958 566 4001 nam
581 3939 673 4022 ipsius
688 3938 782 4001 uerba
798 3958 845 4000 me
861 3957 962 4020 parom
978 3936 1155 4019 intellegere
1171 3937 1215 3999 la·

87 4052 159 4107 her.
193 4036 249 4105 Cl.
267 4040 364 4123 igitur
372 4036 440 4105 Cio.
457 4063 510 4125 pro
518 4037 603 4106 Sulla
617 4040 672 4118 22,
687 4038 731 4103 63
749 4048 886 4122 ‘poenam
902 4038 1032 4102 ambitus
1046 4035 1214 4112 auferebat,

90 4164 159 4229 gnae
174 4146 283 4207 luerat
298 4164 394 4226 nuper
407 4144 610 4228 superioribus
626 4144 744 4227 legibus
759 4142 945 4218 constituta'‚
962 4141 999 4201 ad
1014 4138 1080 4202 Ait.
1098 4136 1142 4214 ll,
1158 4136 1214 4215 24,

91 4244 252 4311 l‘atlclitlit
271 4245 310 4308 al
333 4256 521 4321 extremum,
543 4268 610 4311 enm
631 4247 692 4310 iarn
714 4244 833 4308 dimissa
856 4242 999 4306 contione
1020 4250 1218 4305 reuocatnsa

95 4344 213 4415 Vatinio
228 4349 363 4423 inisset’‚
379 4345 466 4430 adQ.
484 4351 554 4413 lrot.
573 4346 616 4427 ll,
633 4347 667 4427 8,
683 4348 706 4413 2
721 4348 812 4431 ‘qnotl
827 4343 931 4410 Idibus
946 4354 978 4407 et
991 4341 1138 4427 postridie
1154 4342 1219 4405 lne-

96 4452 264 4517 ntdietum
281 4451 319 4515 dc
333 4472 408 4535 agro
424 4448 579 4536 Campano
594 4462 693 4515 actum
707 4451 759 4528 iri,
776 4470 837 4513 non
853 4458 902 4511 est
915 4446 1037 4523 actnrn'3
1054 4440 1131 4507 Sall.
1148 4438 1217 4525 lug.

101 4548 135 4613 52
152 4555 305 4619 ‘atinenso
320 4555 410 4633 colle,
427 4556 516 4619 nienti
532 4566 724 4641 praeceptum
740 4554 850 4628 inerat,
867 4547 1028 4626 enadnnt',
1051 4545 1094 4611 59
1111 4544 1174 4626 ‘qni
1189 4544 1222 4604 in

103 4656 230 4735 mxime
250 4657 344 4723 locati
371 4659 510 4736 inerant,
540 4656 694 4742 panlisper
714 4652 813 4717 territi
836 4648 1081 4737 perturbentur,
1112 4642 1155 4708 33
1177 4642 1220 4704 in.
