2646 5124
493 542 820 615 ..ropr-

93 724 274 803 ‘tuterirm
291 719 475 801 tiedernm‚'
484 716 635 800 Condere,
651 716 862 807 Agedum-t
909 714 1054 805 Aredpsi
1066 714 1162 783 tem
1173 728 1210 781 m

92 830 155 897 uita
169 826 206 894 S.
223 824 385 893 Barboleni
401 843 449 908 ap.
465 820 562 907 Bouq.
579 818 626 887 lll
640 808 678 907 ps
692 816 776 901 666,
799 820 852 885 nti
869 836 950 905 qnae
970 830 1155 901 anatur,
1174 838 1212 885 en

91 930 227 999 Cumara
241 928 387 1015 originem
403 928 514 991 ducere
529 935 665 1010 apertum
680 934 747 991 este
774 916 866 988 ‘Cum
880 918 977 1009 lulius
991 916 1115 989 Caesa
1127 930 1214 987 totu

91 1034 195 1101 orbem
209 1032 349 1097 Romano
362 1029 555 1114 subiugaret
573 1026 700 1112 imperio
721 1036 754 1093 et
773 1022 874 1091 nauali
893 1024 1006 1091 itinere
1018 1024 1061 1089 ab
1076 1024 1149 1091 urta
1162 1020 1215 1091 Sr-

92 1158 206 1203 uonum
220 1154 315 1218 usque
328 1130 523 1197 llleleduuum
539 1140 670 1195 emuum
685 1128 814 1217 indeque
826 1124 964 1195 Parisino
977 1148 1048 1193 nnn
1063 1126 1124 1193 eut
1136 1124 1216 1191 lan'·

91 1237 217 1304 lienibus
232 1234 379 1301 Romanis
395 1244 429 1298 ut
443 1234 480 1299 ad
495 1230 667 1299 illeldornnr
682 1230 834 1301 ciuitatem
849 1232 916 1309 niue
929 1230 969 1297 ad
982 1228 1120 1315 reliqum
1134 1226 1217 1295 urin

91 1339 270 1418 adueniret,
292 1358 370 1423 quae
392 1358 536 1421 uquarum
556 1334 727 1401 dominibus
745 1332 978 1413 muniebantur,
1001 1334 1137 1421 enutipit
1154 1352 1216 1401 n·

92 1442 252 1509 transitum
269 1441 348 1505 lrune
363 1440 486 1517 habere,
503 1438 583 1503 sieut
595 1438 626 1502 in
640 1436 738 1525 gentis
752 1434 959 1502 Romanorum
974 1436 1113 1525 legitur'.

179 1540 219 1609 C.
236 1540 291 1621 58,
307 1539 330 1607 6
345 1564 405 1606 nou
420 1551 503 1605 reete
518 1540 563 1605 sie
578 1540 693 1605 edituri
717 1538 845 1607 ‘Hostes
858 1560 894 1605 re
907 1540 1029 1625 eoquita
1043 1538 1085 1605 nlo
1098 1538 1156 1619 iis,
1169 1538 1217 1625 qni

92 1646 258 1715 dleloduuo
274 1647 426 1728 lugerent,
440 1642 592 1707 Lutetiam
607 1642 726 1709 incendi
742 1653 906 1727 pontesque
915 1640 981 1709 eina
988 1642 1092 1727 oppidi
1106 1642 1217 1709 runnin-

93 1752 125 1819 di
138 1750 259 1815 iubent:
277 1746 334 1832 ipsi
352 1744 478 1832 proieeti
493 1765 511 1808 a
527 1744 632 1831 palude
647 1744 679 1808 in
692 1744 767 1829 ripis
781 1742 940 1829 Seqnnme
954 1764 972 1809 e
986 1744 1116 1831 regione
1126 1742 1216 1811 Lute-

94 1855 156 1918 tiae
170 1860 278 1916 eontra
292 1847 418 1912 Labieni
434 1857 535 1911 eastra
550 1844 732 1911 eonsiduut'.
772 1846 855 1913 Nam
870 1868 911 1913 ex
925 1846 977 1927 iit,
994 1867 1075 1933 qnae
1088 1868 1118 1913 e.
1134 1846 1176 1913 5⁷
1187 1856 1216 1915 el

94 1954 183 2041 paulo
197 1963 268 2019 ante
284 1960 459 2027 narrantur,
477 1961 600 2034 apparet
615 1947 773 2035 paludem,
795 1970 872 2034 quae
893 1950 942 2015 lie
955 1962 1215 2031 rommennrutur,

94 2055 191 2121 autin
207 2064 336 2138 utraque
351 2052 415 2136 ripa
431 2048 590 2135 Sequanae
606 2051 700 2116 luisse
714 2061 768 2116 ant
781 2050 813 2115 iu
829 2071 865 2117 eu
880 2062 1018 2133 tantum,
1032 2074 1114 2139 quae
1126 2050 1217 2119 Lute-

94 2157 155 2223 tiae
171 2166 239 2222 erat
252 2155 416 2219 contraria.
448 2152 558 2219 Vtrum
574 2154 664 2239 igitur
685 2175 790 2219 uerum
806 2164 872 2232 est,
893 2154 923 2219 id
938 2166 1082 2241 nunaut,
1105 2156 1215 2235 hm,

95 2282 162 2325 enm
176 2281 196 2323 a
209 2257 333 2324 Lutetia
355 2258 387 2322 in
407 2257 564 2322 aduersam
580 2255 674 2340 ripam
690 2257 875 2337 transirent,
898 2278 918 2320 a
938 2256 1047 2343 pulude
1067 2278 1131 2323 nnn
1152 2276 1217 2325 ent

95 2366 258 2451 proiectos.
291 2358 364 2427 Siue
380 2361 458 2425 enim
475 2358 560 2444 palus
576 2359 605 2422 in
622 2359 748 2422 aduersa
763 2359 828 2443 ripa
844 2370 929 2437 erat,
958 2360 995 2423 ad
1018 2358 1155 2444 palude·
1169 2380 1218 2446 po·

96 2469 156 2532 tius
172 2465 455 2553 proficiscebantur,
481 2462 546 2525 siue
562 2461 592 2525 in
609 2473 756 2544 utraque,
780 2484 796 2525 a
814 2460 920 2545 palude
936 2482 996 2525 nou
1013 2462 1215 2528 discedebant

96 2568 158 2636 Sed
175 2568 312 2654 ‘proiecti
329 2589 347 2631 a
363 2566 477 2652 palude'
493 2564 524 2628 iu
541 2565 728 2649 interpolatis
745 2575 858 2627 tuntum
875 2565 961 2628 codd.
979 2564 1104 2649 legitur,
1128 2566 1158 2630 iu
1172 2586 1217 2629 re-

95 2672 184 2756 liquis
200 2672 285 2735 endd.
297 2666 501 2752 Oudendorpii
518 2667 662 2752 seriptum
678 2677 725 2731 est
742 2676 912 2752 ‘prospecta
928 2666 1043 2751 palude’
1058 2668 1166 2755 (atque
1179 2668 1218 2733 ita

96 2786 143 2840 ent
158 2777 189 2838 iu
203 2772 275 2836 Par.
295 2793 340 2856 pr.
353 2777 387 2855 )‚
412 2771 443 2834 iu
460 2769 574 2833 duobus
592 2776 601 2807 ⁴
611 2770 794 2854 perspecta'.
827 2767 900 2833 ltem
916 2770 948 2833 iu
963 2766 1062 2855 Boug.
1081 2793 1129 2855 pr.
1145 2769 1216 2836 Par.

96 2898 143 2960 pr.
160 2874 255 2939 Voss.
274 2894 318 2958 pr.
338 2872 532 2955 plurimisque
542 2867 747 2957 Oudendorpii
763 2873 874 2957 legitur
891 2873 940 2935 ‘ad
954 2872 1059 2955 ripas',
1076 2872 1217 2939 inflans.

97 2999 143 3063 pr.
164 2976 207 3038 ‘in
222 2973 325 3058 ripas'.
365 2970 469 3054 Itaque
485 2973 529 3035 sie
544 2973 668 3057 scripsi:
695 2976 770 3058 ‘ipsi
794 2975 927 3059 proiecta
951 2976 1057 3059 palude
1080 2977 1119 3039 ad
1142 2976 1219 3062 ripun

98 3077 257 3163 Sequanae
286 3074 450 3160 eregioue
471 3071 615 3140 Lutetiae
637 3088 743 3141 eontra
766 3074 894 3141 Labieni
917 3088 1017 3141 eastra
1038 3080 1219 3143 considunt'.

97 3180 305 3249 Considebant
317 3178 395 3243 eninr
412 3187 481 3263 post
495 3179 650 3262 paludem,
668 3192 747 3244 utet
762 3176 901 3264 Sequana
917 3191 947 3244 et
961 3180 1066 3264 pulude
1081 3182 1222 3247 deiende·

95 3300 213 3353 rentur.
245 3281 324 3368 Quid
341 3282 557 3368 requireretur,
576 3279 758 3348 Ciacoouius
774 3293 805 3346 et
822 3281 883 3346 Th.
896 3279 1053 3347 Bentleius
1068 3285 1220 3359 uiderunt,

97 3413 222 3475 quorum
239 3388 289 3453 ille
307 3388 447 3474 ‘protecti
463 3385 591 3472 palude‘,
610 3387 656 3449 hic
680 3384 813 3449 ‘olieota
831 3385 952 3468 palude'
969 3386 1112 3471 seriptum
1129 3388 1223 3455 luisse

95 3494 236 3555 eouieeit.

182 3588 268 3672 Quae
283 3590 425 3675 leguntur
439 3611 466 3652 e.
482 3586 537 3666 64,
557 3588 586 3651 l:
607 3587 687 3674 ‘lpse
702 3591 826 3675 imperat
843 3590 967 3675 reliquis
982 3590 1157 3657 ciuitatibus
1171 3592 1223 3657 ob·

96 3691 189 3769 eides,
207 3691 335 3773 denique
350 3692 377 3753 ei
392 3692 437 3754 rei
454 3691 607 3755 constituit
623 3695 719 3759 diem=
738 3693 796 3757 lrue
812 3713 916 3757 omues
932 3691 1050 3775 equites
1064 3690 1129 3759 XV
1143 3696 1223 3761 milia

96 3813 221 3858 numero
238 3791 381 3855 celeriter
396 3792 560 3855 conuenire
575 3793 668 3873 iubet,
686 3795 839 3879 peditatu,
856 3816 941 3877 quem
958 3805 1049 3858 autea
1064 3795 1222 3876 habuerat,

96 3915 131 3959 se
148 3897 212 3959 lore
227 3904 398 3958 contentum
415 3893 514 3971 dieit',
539 3895 612 3960 haee
634 3896 728 3980 igitur
749 3896 819 3980 quin
835 3908 977 3981 eorruptu
991 3897 1070 3975 sint,
1094 3898 1224 3965 dubitari

96 4017 156 4060 non
174 4006 283 4080 potest.
328 3993 408 4059 Num
432 4016 526 4078 neque
551 4018 612 4060 uox
635 3998 811 4082 ‘denique’,
836 4001 867 4063 in
883 4022 941 4084 qua
957 4001 1014 4063 iarn
1033 3998 1224 4067 Hotomanus

55 4174 59 4181 ,
96 4098 254 4176 haeserat,
281 4098 353 4162 lerri
377 4108 490 4181 potest,
515 4120 589 4194 eoru*
604 4120 664 4163 una
679 4121 729 4165 res
744 4113 832 4166 antea
849 4103 947 4187 positu
962 4104 1002 4166 sit
1016 4114 1048 4166 et
1062 4104 1231 4195 eiusmodi,-

97 4221 223 4285 quueum
239 4200 280 4279 id,
298 4200 374 4284 quod
390 4221 427 4264 ea
442 4221 516 4265 uoee
531 4202 715 4288 adiungitur,
732 4206 923 4269 coniunctum
939 4205 999 4283 sitq
1017 4226 1117 4289 neque
1144 4207 1224 4271 ‘huo'

96 4302 197 4381 habet,
216 4323 274 4384 quo
288 4303 452 4367 reseratur.
479 4299 623 4367 Bibracte
638 4306 729 4384 enim,
748 4327 807 4388 quo
822 4328 851 4369 e.
868 4304 923 4386 63,
941 4307 960 4371 5
976 4308 1138 4371 eouoilium
1151 4306 1225 4373 Gul-

96 4405 205 4479 lorum,
222 4404 253 4468 in
268 4425 325 4487 quo
341 4402 414 4466 haee
429 4414 513 4488 gestu
530 4416 613 4482 sunt,
630 4409 809 4473 conuenisse
824 4410 949 4472 relatum
965 4419 1031 4488 est,
1056 4421 1088 4473 et
1103 4410 1225 4494 longius

96 4507 134 4571 al>
149 4508 196 4572 his
212 4506 312 4571 uerbis
327 4515 476 4570 remotum
491 4516 557 4582 est,
580 4529 678 4591 neque
701 4521 763 4575 tota
785 4513 878 4575 lorma
902 4510 1047 4575 orationis
1063 4532 1099 4576 eo
1114 4514 1225 4577 aduer-

95 4609 176 4677 bium
192 4609 301 4675 relerri
317 4607 439 4693 patitur.
484 4607 564 4674 lllihi
578 4611 629 4675 illa
645 4611 814 4698 seriptum,
838 4634 924 4697 quam
939 4633 1030 4697 supra
1053 4615 1157 4699 posui,
1181 4635 1224 4680 ex
