2646 5124
498 474 821 541 -177—

82 665 115 721 ct
127 655 170 719 ita
187 654 221 718 in
237 651 362 736 optimis
383 651 470 716 codd.
492 648 553 735 legi
575 649 686 713 indicio
701 660 760 727 est,
782 650 860 733 qnod
876 649 990 735 ‘opero'
1003 670 1044 716 ex
1059 650 1134 720 Par.
1151 678 1216 724 see.

84 766 262 823 annotatur.
289 752 352 819 Sed
367 754 398 818 in
414 755 462 819 bis
476 752 577 818 uerbis
594 753 763 817 desiderata
779 764 825 816 est
839 757 1084 821 commemoratio
1095 779 1215 841 eorum,

85 861 244 945 qui-opere
259 882 280 924 a
297 880 375 923 aona
393 857 512 941 legione
527 857 745 920 circummuniti
762 867 875 921 essent.
901 852 959 920 cui
975 860 1019 922 rei
1034 857 1215 929 Oudendor-

85 965 146 1048 pios
160 964 207 1026 ita
223 962 392 1039 succurrit,
410 971 444 1023 ut
458 980 499 1023 ex
514 960 864 1042 quattuordeterioribus
873 960 958 1023 codd.
969 962 1071 1026 ederet
1084 969 1211 1049 ‘opern'.

87 1062 196 1129 Verum
211 1086 286 1128 num
301 1084 394 1149 opera
407 1063 632 1127 circummuniri
647 1082 683 1126 ea
699 1063 801 1125 dicere
817 1062 925 1139 liccat,
950 1084 1025 1149 quae
1041 1065 1071 1126 in
1084 1067 1213 1135 circuita

87 1169 278 1245 muniuntur,
297 1167 495 1231 ucbementer
509 1165 623 1229 dubito.
651 1163 774 1249 ‘Opere’
792 1184 865 1227 uero
883 1166 1150 1232 ‘circummuniret’
1166 1194 1214 1235 rc

88 1272 252 1337 ctissimurn
270 1280 341 1333 est:
359 1290 427 1333 nom
444 1268 703 1353 exsuperioribus
720 1268 820 1330 uerbis
837 1268 1029 1333 accusatiuus
1048 1268 1215 1356 ‘Pompeia-

88 1394 134 1437 ιιι
147 1372 269 1458 copias'
285 1372 482 1437 asciscendus
498 1382 556 1437 ιιι.
589 1368 704 1434 Eodem
726 1373 812 1434 modo
835 1371 933 1433 oratio
956 1371 1094 1436 instituta
1116 1387 1162 1438 est
1183 1375 1213 1439 b.
1288 1414 1291 1420 ·

86 1474 160 1541 Gall.
178 1474 256 1554 Vll,
283 1474 341 1553 81,
363 1473 384 1538 3
408 1476 479 1541 ‘dat
500 1472 571 1538 tuba
593 1474 711 1557 siguum
732 1474 796 1537 suis
812 1471 1047 1558 Vercingetorix
1070 1486 1159 1559 atque
1175 1500 1216 1543 cx

86 1581 187 1665 oppido
199 1579 332 1644 educit’.

166 1679 206 1747 C.
222 1681 282 1760 67,
302 1681 319 1744 l
338 1680 369 1743 in
386 1680 434 1743 bis
451 1680 567 1745 uerbis:
587 1680 646 1745 ‘Eo
662 1681 749 1765 signo
765 1680 893 1764 legionis
908 1679 990 1744 illato
1006 1682 1213 1763 speculatores

88 1781 207 1851 Caesari
223 1784 456 1849 renuntiarunt.
480 1781 548 1847 lloo
562 1784 639 1848 idem
655 1784 753 1848 uisnm
770 1805 807 1847 ιι
825 1783 1028 1866 superioribus
1037 1785 1212 1867 quibusdam

88 1889 213 1955 rostellis
228 1888 505 1952 confirmaucraut'
521 1889 694 1952 necessario
709 1887 897 1952 scribendum
910 1898 977 1949 erat
993 1888 1212 1955 ‘confirmaue-

87 1994 173 2055 rant'.
208 1988 482 2055 confirmationem
506 1990 584 2055 enim
609 1991 742 2053 nuntium
763 1989 848 2072 sequi
871 2000 1026 2068 tenemus,
1058 1992 1089 2054 ni
1113 1994 1210 2057 lallor.

87 2092 159 2157 ltcnr
178 2102 257 2156 ‘rem
271 2092 461 2157 nuntiarunt’
476 2116 493 2155 a
509 2089 644 2157 Caesare
664 2092 805 2176 seriptum
824 2112 893 2154 csse
913 2103 1027 2154 certum
1050 2103 1098 2156 cst
1118 2095 1209 2157 mibi:

88 2218 159 2261 nam
176 2194 422 2271 ‘renuntiarunt',
441 2194 497 2257 etsi
514 2215 573 2258 non
590 2196 709 2271 falsum,
733 2204 832 2257 ιιιιιιιι
849 2194 1037 2257 durissimum
1054 2206 1111 2257 cst.
1146 2195 1212 2259 Ea·

90 2298 208 2381 cipiunt
222 2297 312 2361 bace:
331 2293 374 2361 ‘la
389 2298 474 2359 locus
488 2296 594 2361 aberat
607 2318 625 2360 a
640 2296 727 2359 nouis
733 2293 868 2379 Pompeii
882 2297 994 2359 castris
1009 2295 1133 2359 circiter
1147 2319 1214 2380 pas-

89 2420 142 2463 sos
156 2400 348 2484 quingentos.
373 2397 462 2463 Hunc
478 2400 624 2485 legionem
633 2419 757 2484 sperans
766 2394 883 2461 Caesar
897 2418 931 2461 sc
946 2399 1117 2483 opprimere
1126 2420 1213 2483 posse

88 2514 117 2569 ιι
129 2504 258 2589 cupiens
273 2503 338 2567 eius
354 2503 414 2566 diei
429 2502 640 2566 detrimentum
657 2502 784 2579 sarcire,
802 2501 924 2583 reliquit
932 2502 964 2564 iu
976 2502 1213 2584 opereeobortes

89 2608 174 2685 duas,
198 2626 277 2685 qnae
300 2605 433 2691 speciem
453 2604 629 2669 munitionis
651 2603 849 2689 praeberent,
874 2603 938 2686 ipse
955 2603 1077 2667 diuerso
1092 2604 1212 2685 itinere,

90 2730 173 2792 ιιιιιι
196 2710 298 2794 potuit
318 2708 541 2786 occultissime,
566 2707 696 2791 reliquas
711 2707 851 2770 cobortes
868 2727 993 2771 numero
1006 2703 1163 2787 XXXlll,
1181 2708 1212 2771 in

90 2814 192 2897 quibus
215 2822 287 2877 erat
307 2810 389 2894 legio
409 2830 488 2874 nona
504 2810 605 2873 multis
620 2809 739 2872 amissis
755 2810 979 2874 centurionibus
1001 2812 1213 2896 deminutoque

89 2916 212 2979 nilitum
235 2933 384 2991 numcro,
408 2913 444 2975 ad
466 2912 615 2995 legionem
630 2909 765 2995 Pompeii
788 2923 946 2997 castraque
970 2916 1088 2979 minora
1102 2915 1211 3001 duplici

88 3018 149 3083 acic
164 3016 281 3081 duxit'.
311 3014 440 3094 Verum,
465 3036 530 3077 cnm
546 3011 665 3079 Cacsar
679 3025 779 3078 eastra
794 3016 879 3079 iuxta
895 3014 1067 3100 Pompeium
1085 3020 1215 3081 muniret

88 3126 126 3197 (c.
142 3120 188 3186 65
204 3122 322 3197 extol,
338 3118 510 3182 incredibile
524 3129 573 3181 cst
588 3139 656 3181 eum
672 3118 746 3181 duas
763 3116 903 3181 cobortes
914 3139 978 3181 eam
987 3121 1119 3203 speciem
1129 3140 1216 3202 pree·

88 3224 201 3289 bituras
216 3222 426 3298 existimasse,
450 3231 483 3283 ιιι
499 3217 659 3306 Pompeius
674 3240 708 3281 ro
724 3240 798 3281 uera
813 3230 914 3282 rastra
929 3221 1037 3283 muniri
1054 3220 1219 3283 arbitrare·

88 3340 146 3393 tar.
180 3325 302 3391 Deinde
325 3326 401 3408 quod
424 3324 564 3407 deinceps
580 3318 699 3386 Caesar
714 3321 845 3404 reliquas
861 3322 1001 3386 cobortes
1015 3322 1052 3387 ad
1067 3322 1216 3406 legionem

88 3428 225 3515 Pompeii
255 3428 477 3513 opprimendam
500 3425 679 3489 seduxisse
701 3423 825 3503 scribit,
857 3443 963 3488 omues
989 3426 1109 3510 copias,
1140 3446 1216 3509 quoe

89 3544 209 3617 praeter
224 3532 279 3595 bas
294 3530 435 3593 cobortes
451 3529 594 3606 aderunt,
618 3528 650 3591 in
671 3526 780 3590 cestris
794 3527 917 3591 relictas
933 3548 1001 3592 esse
1016 3530 1214 3593 demonstrat.

89 3635 180 3719 Atqui
202 3635 295 3717 longe
317 3632 418 3715 plures
437 3628 567 3695 XXXV
583 3630 757 3695 cohortibus
779 3639 841 3692 tom
863 3630 985 3695 affuisse
1006 3632 1054 3697 uel
1070 3654 1112 3697 ex
1126 3654 1153 3696 c.
1172 3628 1215 3695 75

89 3739 237 3802 uidemus.
276 3732 359 3797 Nam
379 3757 446 3799 cum
463 3730 580 3798 Caesar
598 3733 702 3809 statim
725 3744 792 3815 post
808 3753 870 3796 rem
886 3734 964 3798 male
979 3746 1114 3819 gestam,
1139 3752 1217 3815 qnao

91 3840 230 3923 lcinceps
255 3838 402 3915 refertur,
425 3838 457 3901 iu
472 3836 661 3901 Thessaliam
679 3834 938 3919 proficisceretur,
963 3858 1051 3900 unam
1067 3837 1217 3919 legionem

92 3938 312 4028 inpedimentis
327 3940 476 4025 praesidio
491 3939 657 4024 praemisit,
675 3940 748 4001 duas
763 3939 792 4001 in
810 3939 919 4001 castris
930 3939 1068 4017 retinuit,
1086 3938 1217 4020 reliquas

94 4046 192 4110 codem
208 4042 340 4120 itinere,
364 4063 423 4125 quo
438 4042 667 4127 impedimenta,
685 4041 764 4104 misit
787 4051 818 4104 et
832 4041 919 4125 paulo
935 4052 1002 4126 post
1016 4042 1079 4124 ipse
1096 4048 1219 4103 secutus

96 4158 147 4211 ιιι.
176 4145 287 4229 ltaque
308 4144 462 4208 minimum
485 4145 614 4227 quinque
638 4142 773 4226 legiones
800 4143 960 4206 aduerunt.
1001 4136 1219 4205 Demonstraui

98 4259 189 4313 antem
205 4268 300 4331 supra
315 4268 344 4330 p.
363 4245 426 4310 153
441 4268 507 4331 sqq.
525 4242 691 4311 Caesarem
711 4245 833 4310 omnino
852 4246 885 4309 in
900 4243 1031 4311 Graecia
1053 4245 1156 4306 decem
1179 4242 1221 4301 le·

101 4349 196 4433 giones
209 4350 365 4415 babuisse.
397 4346 450 4413 Ex
465 4369 501 4414 eo
518 4369 644 4415 numero
658 4349 715 4413 boc
732 4359 865 4433 tempore
881 4348 1020 4412 aluerunt
1035 4347 1112 4410 duae
1128 4342 1223 4422 legio-

103 4472 150 4517 ιιι
161 4476 230 4519 cnm
244 4450 381 4519 Domitio
396 4448 526 4518 Caluino
540 4453 572 4516 iu
588 4448 787 4529 Macedonia,
810 4450 980 4534 quindecim
997 4450 1139 4513 cobortes
1156 4460 1223 4501 cum

104 4548 180 4620 Fullo
203 4552 321 4623 Caleno
343 4556 374 4620 in
394 4556 530 4637 Acbaia3
553 4566 616 4621 tres
639 4552 781 4618 cobortes
804 4549 888 4617 Orici
910 4560 999 4615 eraut
1018 4550 1049 4610 in
1074 4538 1225 4627 pracsidio

130 4655 217 4713 enan,
231 4656 269 4703 ιι.
284 4656 391 4715 nippcrt.
977 4648 1014 4709 ιι
