2646 5124
461 80 781 145 -179-

64 253 193 319 turbauit
208 264 252 330 et,
271 274 338 314 euni
354 272 388 314 se
404 251 455 314 ille
472 251 502 312 in
517 252 641 315 interius
659 255 812 317 castollum
829 260 1003 341 recepisset,
1016 281 1053 323 eo
1070 285 1186 347 quoqne

61 357 163 440 irrupit
178 359 224 436 (c.
242 351 313 434 67).
338 348 400 416 Sed
419 353 558 417 dextrum
574 352 716 419 Caesaris
732 377 826 420 cornu
841 359 877 422 ad
893 362 1088 427 munitionem
1104 366 1186 431 illuni

60 460 93 523 ad
105 459 218 523 llumeu
235 458 437 541 pertinentem
453 456 592 541 peruenit
606 477 748 540 eamque,
771 480 838 523 oum
853 471 966 543 partem
983 464 1053 529 uelli
1068 478 1186 531 castro·

59 582 117 627 rum
134 560 345 637 existimaret,
363 560 450 640 sequi
465 559 575 644 eoepit,
587 568 620 622 ut
634 580 689 643 per
703 572 820 645 portam
834 562 981 643 intrarct3
997 566 1104 633 deinde
1118 572 1185 635 ani-

58 664 214 727 nadncrso
238 682 346 725 errore
361 661 495 743 prorutis
510 662 723 727 munitionibus
739 664 917 728 defendente
933 666 1014 731 nullo
1028 678 1184 735 transceu-

56 766 105 841 tit,
118 767 339 849 equitatusque
348 759 492 827 Caesaris
507 784 559 827 eas
576 764 715 827 cohortes
730 776 853 829 secutus
870 770 968 845 est(c.
979 764 1046 849 68).
1068 770 1183 836 Verum

57 868 172 933 interim
182 888 219 931 re
232 866 370 930 nuntiata
378 862 539 950 Pompeius
549 866 677 949 quinque
688 867 961 949 legionessubsidio
972 868 1036 933 suis
1047 870 1181 935 adduxit.

54 968 127 1035 llam
143 991 173 1033 c.
192 968 258 1046 69,
280 967 320 1045 1,
338 988 406 1030 cum
428 968 461 1031 iu
475 968 594 1053 optimis
610 970 698 1031 codd.
716 970 835 1054 legatur
851 969 894 1035 ‘V
908 971 1028 1055 legione
1043 972 1080 1035 ub
1094 994 1186 1057 opere
1251 1012 1254 1018 ·

54 1072 178 1137 deducta
190 1070 331 1135 subsidio
347 1070 411 1133 suis
426 1071 532 1149 doxit’,
545 1091 606 1134 oon
617 1069 659 1135 ‘V
674 1071 824 1153 legionem
833 1073 1064 1152 —deductum',
1075 1086 1109 1138 ut
1122 1076 1185 1139 etli-

53 1175 174 1253 tur,scd
191 1170 239 1237 ‘V
250 1172 439 1255 legiones-
449 1173 599 1237 deductas'
607 1173 799 1236 scribendum
814 1194 883 1238 esse
898 1186 1012 1238 certum
1028 1186 1087 1239 est.
1105 1172 1184 1243 Cac-

55 1297 103 1341 sar
117 1275 213 1353 enim,
231 1296 302 1338 curu
318 1273 446 1357 amplius
462 1284 523 1337 tres
538 1273 674 1357 legiones
689 1275 848 1339 eduxisset
862 1280 904 1357 (c.
919 1274 975 1355 67,
992 1274 1040 1358 3),
1057 1276 1183 1357 6.72,2

55 1377 235 1462 paucitatem
258 1375 388 1439 militum
409 1394 530 1438 suorum
546 1386 777 1455 commemorem
801 1378 830 1441 id
845 1378 921 1460 quod
936 1377 1038 1462 inepte
1052 1380 1179 1460 laceret,

55 1478 77 1544 si
91 1476 208 1543 duabus
220 1474 418 1561 Pompeianis
433 1474 601 1559 legionibus
617 1478 815 1542 resistendum
832 1480 949 1544 luisset.
973 1478 1181 1546 lleindeOro·

54 1580 113 1645 sius
127 1576 197 1659 vl,
215 1578 259 1643 15
274 1576 451 1664 Pompeium
474 1579 611 1643 omuibus
632 1580 726 1664 copiis
747 1602 909 1666 oppressae
930 1581 1042 1666 legioni
1057 1603 1181 1647 succur-

54 1684 132 1747 risse
152 1680 273 1747 scribit.
303 1678 370 1744 Eae
391 1691 492 1745 eutem
514 1702 619 1745 omues
634 1683 756 1766 copiae,
781 1704 847 1747 eum
863 1680 1024 1767 Pompeius
1039 1706 1107 1749 eum
1122 1706 1182 1749 sex

56 1783 233 1868 legionibus
245 1784 395 1867 erupisset
411 1792 451 1859 (o.
468 1779 527 1861 62,
543 1782 580 1865 2)
595 1793 627 1846 ct
640 1804 729 1847 unum
753 1783 901 1868 legionem
916 1785 948 1847 in
963 1796 1066 1849 uetera
1081 1798 1182 1850 castra

59 1886 230 1951 remisisset
244 1888 285 1967 (c.
299 1883 360 1962 66,
379 1884 430 1967 1),
453 1884 537 1970 ipsse
556 1885 686 1969 quinque
700 1884 837 1971 legiones
853 1895 952 1951 erant.
975 1883 1078 1970 ltaque
1094 1885 1182 1951 Pom·

58 1989 125 2075 peio
138 2010 207 2052 cum
222 1984 392 2071 legionibus
406 1987 673 2071 appropinquante,
686 2009 753 2051 ouon
770 1988 874 2053 eodem
885 1996 1020 2073 tempore
1030 1989 1182 2071 equitatus

56 2091 119 2157 cius
138 2090 179 2157 ad
194 2085 341 2155 Caesaris
363 2088 482 2171 equites
496 2090 673 2167 accederet,
697 2090 777 2175 legio
791 2087 977 2175 Pompeiana
991 2091 1024 2154 iu
1038 2091 1150 2154 castris
1164 2110 1183 2153 a

56 2188 190 2259 Caesare
210 2210 358 2276 oppressa
378 2198 411 2253 ct
432 2189 490 2253 iam
506 2190 543 2253 ad
559 2191 752 2255 decumanum
767 2203 885 2277 portam
900 2192 1032 2271 reiecta,
1057 2192 1137 2255 ultro
1151 2192 1183 2255 iu

59 2288 260 2360 6666666666
275 2292 417 2377 impetum
433 2291 514 2371 lecit,
529 2312 623 2376 eaque
638 2306 800 2359 consecuta
814 2304 899 2373 sunt,
910 2295 946 2357 de
962 2294 1068 2377 quibus
1084 2294 1180 2379 ipsum

59 2392 220 2463 Cscnrem
235 2395 392 2459 audiamus
407 2414 437 2456 e.
453 2390 508 2474 69,
517 2394 550 2457 2.
577 2393 773 2478 ‘Equitatus',
790 2395 898 2480 inquit,
918 2394 1083 2475 ‘Caesaris
1101 2396 1180 2480 quod

57 2510 181 2585 angusto
196 2498 312 2562 itincre
326 2514 381 2580 per
392 2516 518 2580 aggeres
529 2496 724 2575 ascendebat,
733 2498 866 2583 receptui
877 2519 933 2564 suo
943 2499 1051 2564 timeus
1061 2499 1179 2563 initium

57 2600 139 2685 fugae
154 2598 302 2664 faciebat.
326 2595 476 2661 Dextrum
491 2618 597 2672 cornu,
608 2598 685 2681 quod
701 2610 769 2662 erat
782 2621 799 2662 a
811 2601 934 2664 sinistro
947 2601 1109 2676 seclusum,
1119 2612 1181 2665 ter-

57 2722 121 2767 rore
136 2702 276 2785 equiturn
291 2699 517 2778 animaduerso,
534 2720 573 2763 ne
588 2699 669 2762 intra
684 2701 881 2766 munitionem
895 2702 1130 2786 opprimeretur,
1147 2720 1183 2763 ea

57 2815 158 2888 parte,
181 2824 275 2888 quam
291 2810 467 2885 prorueret,
483 2821 553 2865 sese
568 2799 743 2884 recipiebat,
760 2822 797 2864 ac
812 2802 946 2885 plerique
962 2822 1002 2865 ex
1017 2800 1083 2878 bis,
1101 2819 1140 2863 ue
1153 2799 1184 2863 in

55 2906 213 2992 augustius
227 2906 407 2981 inciderent,
424 2923 466 2967 ex
479 2897 513 2964 Χ
526 2900 633 2987 pedum
648 2903 815 2966 munitione
830 2924 865 2967 se
879 2903 911 2966 in
927 2904 1025 2965 fossas
1040 2900 1185 2986 praecipi·

55 3008 173 3075 tabant’
188 3019 262 3073 cett.
295 3004 343 3073 lta
358 3005 436 3070 enim
453 3004 526 3069 bueo
540 3004 724 3068 emendanda
742 3015 839 3070 eraut.
865 3002 976 3069 Editur
989 3002 1114 3089 primum
1133 3009 1185 3067 ‘cx

56 3122 163 3195 mute,
187 3132 246 3195 qnu
261 3107 451 3194 proruebat':
470 3106 576 3190 quibus
592 3107 693 3171 uerbis
708 3108 778 3191 quid
795 3119 843 3172 est
858 3107 1000 3191 ineptius,
1019 3106 1059 3169 ibi
1074 3104 1184 3169 milites

58 3210 202 3279 Caesaris
218 3232 253 3277 se
268 3210 422 3294 recepisse
437 3209 514 3287 dici,
531 3208 583 3271 ubi
598 3211 792 3294 proruerint?
812 3208 922 3295 Neque
939 3229 1012 3273 uero
1028 3228 1069 3271 cs
1084 3217 1182 3292 perte,

57 3336 141 3399 qnam
157 3323 335 3399 prorueret,
346 3332 441 3375 cornu
456 3330 491 3373 se
506 3308 680 3394 recipiebat,
692 3312 745 3375 sed
761 3331 802 3374 ex
817 3312 945 3376 circuitu
960 3307 1135 3374 munitionis
1150 3326 1184 3367 se

57 3418 208 3503 recipiens
222 3436 260 3479 ea
274 3427 360 3500 parte
375 3412 584 3489 munitionum,
600 3433 687 3495 quam
703 3424 862 3497 prorueret
876 3418 919 3495 (c.
934 3410 989 3489 68,
1000 3410 1047 3491 3),
1063 3409 1126 3473 iter
1142 3407 1200 3489 lu}

59 3518 163 3585 tiebat.
188 3517 294 3601 Atque
307 3524 358 3581 ‘ea
372 3512 467 3599 perte'
482 3514 540 3579 iam
552 3510 697 3578 Dauisius
713 3516 860 3579 correxit.
883 3513 957 3579 Non
973 3512 1086 3577 rectius
1102 3508 1185 3572 dein-

62 3641 126 3705 ceps
149 3620 253 3686 editur
271 3616 316 3682 ‘X
330 3618 436 3703 pedum
460 3615 635 3680 munitionis
650 3636 684 3679 se
698 3614 730 3677 in
745 3616 844 3680 dossas
860 3610 1120 3699 praecipitabunt'.
1145 3607 1187 3672 lli

64 3723 135 3785 enim
149 3722 265 3787 milites
280 3742 318 3786 ea
333 3730 420 3804 parte
434 3719 519 3797 ualli,
531 3738 609 3803 quae
624 3728 748 3802 proruta
763 3728 840 3795 erat,
851 3716 887 3780 ab
904 3716 972 3779 aliis
989 3723 1133 3797 occupatu
1146 3730 1188 3774 ex

66 3822 177 3911 integra
192 3824 361 3889 munitione
376 3820 567 3887 desiliebant.
599 3816 688 3901 Quod
703 3819 730 3884 si
745 3819 811 3903 quis
826 3820 967 3903 opinatur
983 3837 1070 3893 eum,
1088 3812 1138 3896 qui
1153 3832 1188 3874 se

68 3921 94 3987 iu
105 3924 201 3991 dossas
216 3924 251 3990 X
265 3927 373 4011 pedum
388 3923 564 3989 munitionis
580 3922 777 4007 praecipitare
792 3921 920 4000 dicatur,
931 3929 1036 4004 sponte
1051 3910 1189 3995 intellegi

72 4030 281 4095 exmunitioue
297 4028 363 4091 eius
379 4024 546 4090 altitudinis
563 4022 705 4102 desilire,
723 4042 821 4107 neque
838 4022 893 4086 boc
909 4040 1013 4085 uerum
1031 4026 1097 4091 est,
1124 4031 1191 4074 cum

74 4126 177 4195 sublata
191 4130 360 4197 munitione
374 4130 475 4194 lossae
488 4125 619 4213 relinqui
628 4124 762 4210 possint,
773 4113 1119 4281 usquequisquppqsatis
1129 4109 1196 4193 qui·
