<?xml version="1.0" encoding="UTF-8"?>
<!DOCTYPE html PUBLIC "-//W3C//DTD XHTML 1.0 Transitional//EN"
    "http://www.w3.org/TR/xhtml1/DTD/xhtml1-transitional.dtd">
<html xmlns="http://www.w3.org/1999/xhtml" xml:lang="en" lang="en">
 <head>
  <title>
</title>
<meta http-equiv="Content-Type" content="text/html;charset=utf-8" />
  <meta name='ocr-system' content='tesseract 3.04.00' />
  <meta name='ocr-capabilities' content='ocr_page ocr_carea ocr_par ocr_line ocrx_word'/>
</head>
<body>
  <div class='ocr_page' id='page_1' title='image "./civliicaesarisc01hirtgoog_0329.png"; bbox 0 0 2646 5124; ppageno 0'>
   <div class='ocr_carea' id='block_1_1' title="bbox 314 616 1191 699">
    <p class='ocr_par' dir='ltr' id='par_1_1' title="bbox 314 616 1191 699">
     <span class='ocr_line' id='line_1_1' title="bbox 314 616 1191 699; baseline 0.006 -13"><span class='ocrx_word' id='word_1_1' title='bbox 314 616 455 687; x_wconf 80' lang='lat' dir='ltr'>Clllffl.</span> <span class='ocrx_word' id='word_1_2' title='bbox 471 616 534 686; x_wconf 90' lang='lat' dir='ltr'>llll</span> <span class='ocrx_word' id='word_1_3' title='bbox 549 617 644 688; x_wconf 79' lang='lat' dir='ltr'>CAP.</span> <span class='ocrx_word' id='word_1_4' title='bbox 661 620 812 691; x_wconf 78' lang='lat' dir='ltr'>tt-ttt.</span> <span class='ocrx_word' id='word_1_5' title='bbox 1126 630 1191 699; x_wconf 73' lang='lat' dir='ltr'><strong><em>w</em></strong></span> 
     </span>
    </p>
   </div>
   <div class='ocr_carea' id='block_1_2' title="bbox 67 792 1190 2620">
    <p class='ocr_par' dir='ltr' id='par_1_2' title="bbox 67 792 1189 1598">
     <span class='ocr_line' id='line_1_2' title="bbox 67 792 1166 885; baseline 0.007 -26"><span class='ocrx_word' id='word_1_6' title='bbox 67 796 191 859; x_wconf 81' lang='lat' dir='ltr'>n&#39;nuto</span> <span class='ocrx_word' id='word_1_7' title='bbox 207 792 305 878; x_wconf 81' lang='lat' dir='ltr'>spatio</span> <span class='ocrx_word' id='word_1_8' title='bbox 320 794 429 874; x_wconf 89' lang='lat' dir='ltr'>secuti,</span> <span class='ocrx_word' id='word_1_9' title='bbox 453 806 597 879; x_wconf 86' lang='lat' dir='ltr'>quantum</span> <span class='ocrx_word' id='word_1_10' title='bbox 613 816 702 859; x_wconf 90' lang='lat' dir='ltr'>cursu</span> <span class='ocrx_word' id='word_1_11' title='bbox 718 807 748 860; x_wconf 92' lang='lat' dir='ltr'>et</span> <span class='ocrx_word' id='word_1_12' title='bbox 763 796 878 862; x_wconf 89' lang='lat' dir='ltr'>uiribus</span> <span class='ocrx_word' id='word_1_13' title='bbox 894 800 1011 864; x_wconf 85' lang='lat' dir='ltr'>efficere</span> <span class='ocrx_word' id='word_1_14' title='bbox 1027 813 1131 885; x_wconf 85' lang='lat' dir='ltr'>potue·</span> <span class='ocrx_word' id='word_1_15' title='bbox 1146 802 1166 866; x_wconf 89' lang='grc'>3</span> 
     </span>
     <span class='ocr_line' id='line_1_3' title="bbox 68 897 1130 988; baseline 0.006 -26"><span class='ocrx_word' id='word_1_16' title='bbox 68 904 96 977; x_wconf 87' lang='lat' dir='ltr'>t,·</span> <span class='ocrx_word' id='word_1_17' title='bbox 112 898 274 982; x_wconf 76' lang='lat' dir='ltr'><strong>conplures</strong></span> <span class='ocrx_word' id='word_1_18' title='bbox 290 916 332 961; x_wconf 81' lang='lat' dir='ltr'>ex</span> <span class='ocrx_word' id='word_1_19' title='bbox 346 897 382 960; x_wconf 90' lang='lat' dir='ltr'>iis</span> <span class='ocrx_word' id='word_1_20' title='bbox 398 897 592 971; x_wconf 87' lang='lat' dir='ltr'>occiderunt,</span> <span class='ocrx_word' id='word_1_21' title='bbox 616 897 723 961; x_wconf 93' lang='lat' dir='ltr'>deiude</span> <span class='ocrx_word' id='word_1_22' title='bbox 746 900 882 964; x_wconf 90' lang='lat' dir='ltr'>omuibus</span> <span class='ocrx_word' id='word_1_23' title='bbox 906 902 994 986; x_wconf 82' lang='lat' dir='ltr'>louge</span> <span class='ocrx_word' id='word_1_24' title='bbox 1011 904 1130 988; x_wconf 87' lang='lat' dir='ltr'>lateque</span> 
     </span>
     <span class='ocr_line' id='line_1_4' title="bbox 67 999 1189 1090; baseline 0.004 -25"><span class='ocrx_word' id='word_1_25' title='bbox 67 999 149 1065; x_wconf 82' lang='lat' dir='ltr'>ibeiis</span> <span class='ocrx_word' id='word_1_26' title='bbox 165 1000 299 1063; x_wconf 77' lang='lat' dir='ltr'><strong>incensis</strong></span> <span class='ocrx_word' id='word_1_27' title='bbox 321 1020 356 1064; x_wconf 88' lang='lat' dir='ltr'>se</span> <span class='ocrx_word' id='word_1_28' title='bbox 370 1000 401 1063; x_wconf 91' lang='lat' dir='ltr'>iu</span> <span class='ocrx_word' id='word_1_29' title='bbox 417 1010 516 1064; x_wconf 84' lang='lat' dir='ltr'>castra</span> <span class='ocrx_word' id='word_1_30' title='bbox 532 1012 721 1084; x_wconf 84' lang='lat' dir='ltr'>receperunt.</span> <span class='ocrx_word' id='word_1_31' title='bbox 769 1000 882 1067; x_wconf 84' lang='lat' dir='ltr'>Eodem</span> <span class='ocrx_word' id='word_1_32' title='bbox 904 1004 951 1069; x_wconf 88' lang='lat' dir='ltr'>die</span> <span class='ocrx_word' id='word_1_33' title='bbox 975 1006 1065 1090; x_wconf 80' lang='lat' dir='ltr'>legati</span> <span class='ocrx_word' id='word_1_34' title='bbox 1088 1006 1126 1069; x_wconf 92' lang='lat' dir='ltr'>ab</span> <span class='ocrx_word' id='word_1_35' title='bbox 1141 1005 1189 1076; x_wconf 77' lang='grc'>36</span> 
     </span>
     <span class='ocr_line' id='line_1_5' title="bbox 67 1098 1168 1186; baseline 0.006 -19"><span class='ocrx_word' id='word_1_36' title='bbox 67 1102 141 1167; x_wconf 76' lang='lat' dir='ltr'>tillus</span> <span class='ocrx_word' id='word_1_37' title='bbox 156 1101 241 1165; x_wconf 90' lang='lat' dir='ltr'>missi</span> <span class='ocrx_word' id='word_1_38' title='bbox 256 1103 295 1166; x_wconf 90' lang='lat' dir='ltr'>ad</span> <span class='ocrx_word' id='word_1_39' title='bbox 311 1098 475 1166; x_wconf 80' lang='lat' dir='ltr'>Caesarem</span> <span class='ocrx_word' id='word_1_40' title='bbox 493 1105 529 1167; x_wconf 90' lang='lat' dir='ltr'>de</span> <span class='ocrx_word' id='word_1_41' title='bbox 546 1123 618 1186; x_wconf 87' lang='lat' dir='ltr'>pace</span> <span class='ocrx_word' id='word_1_42' title='bbox 635 1115 795 1168; x_wconf 89' lang='lat' dir='ltr'>uenerunt.</span> <span class='ocrx_word' id='word_1_43' title='bbox 828 1104 884 1168; x_wconf 89' lang='lat' dir='ltr'>His</span> <span class='ocrx_word' id='word_1_44' title='bbox 897 1100 1012 1171; x_wconf 85' lang='lat' dir='ltr'>Caesar</span> <span class='ocrx_word' id='word_1_45' title='bbox 1026 1108 1168 1174; x_wconf 75' lang='lat' dir='ltr'>nume-2</span> 
     </span>
     <span class='ocr_line' id='line_1_6' title="bbox 67 1204 1131 1291; baseline 0.006 -22"><span class='ocrx_word' id='word_1_46' title='bbox 67 1204 237 1283; x_wconf 79' lang='lat' dir='ltr'>subsidum‚</span> <span class='ocrx_word' id='word_1_47' title='bbox 255 1225 341 1287; x_wconf 91' lang='lat' dir='ltr'>quem</span> <span class='ocrx_word' id='word_1_48' title='bbox 358 1214 429 1269; x_wconf 90' lang='lat' dir='ltr'>aute</span> <span class='ocrx_word' id='word_1_49' title='bbox 443 1205 662 1289; x_wconf 79' lang='lat' dir='ltr'>imperauerat,</span> <span class='ocrx_word' id='word_1_50' title='bbox 686 1207 848 1290; x_wconf 87' lang='lat' dir='ltr'>duplicauit</span> <span class='ocrx_word' id='word_1_51' title='bbox 864 1228 975 1291; x_wconf 85' lang='lat' dir='ltr'>eosque</span> <span class='ocrx_word' id='word_1_52' title='bbox 990 1210 1021 1272; x_wconf 94' lang='lat' dir='ltr'>iu</span> <span class='ocrx_word' id='word_1_53' title='bbox 1036 1211 1131 1275; x_wconf 87' lang='lat' dir='ltr'>eonti-</span> 
     </span>
     <span class='ocr_line' id='line_1_7' title="bbox 67 1307 1131 1393; baseline 0.003 -20"><span class='ocrx_word' id='word_1_54' title='bbox 67 1318 125 1373; x_wconf 85' lang='lat' dir='ltr'>tem</span> <span class='ocrx_word' id='word_1_55' title='bbox 140 1307 248 1371; x_wconf 78' lang='lat' dir='ltr'>adduci</span> <span class='ocrx_word' id='word_1_56' title='bbox 264 1307 370 1385; x_wconf 87' lang='lat' dir='ltr'>iussit,</span> <span class='ocrx_word' id='word_1_57' title='bbox 396 1309 474 1390; x_wconf 93' lang='lat' dir='ltr'>quod</span> <span class='ocrx_word' id='word_1_58' title='bbox 494 1309 659 1392; x_wconf 76' lang='lat' dir='ltr'>propinqua</span> <span class='ocrx_word' id='word_1_59' title='bbox 676 1310 723 1372; x_wconf 93' lang='lat' dir='ltr'>die</span> <span class='ocrx_word' id='word_1_60' title='bbox 739 1310 921 1393; x_wconf 69' lang='lat' dir='ltr'>aequinoctii</span> <span class='ocrx_word' id='word_1_61' title='bbox 936 1312 1062 1374; x_wconf 87' lang='lat' dir='ltr'>infirmis</span> <span class='ocrx_word' id='word_1_62' title='bbox 1079 1334 1131 1376; x_wconf 88' lang='lat' dir='ltr'>ua·</span> 
     </span>
     <span class='ocr_line' id='line_1_8' title="bbox 67 1409 1167 1496; baseline 0.002 -19"><span class='ocrx_word' id='word_1_63' title='bbox 67 1409 197 1477; x_wconf 80' lang='lat' dir='ltr'>te&#39;bi&#39;emi</span> <span class='ocrx_word' id='word_1_64' title='bbox 215 1410 438 1493; x_wconf 80' lang='lat' dir='ltr'>nauigationem</span> <span class='ocrx_word' id='word_1_65' title='bbox 455 1410 660 1474; x_wconf 81' lang='lat' dir='ltr'>subiciendam</span> <span class='ocrx_word' id='word_1_66' title='bbox 677 1432 738 1475; x_wconf 91' lang='lat' dir='ltr'>nou</span> <span class='ocrx_word' id='word_1_67' title='bbox 753 1413 958 1477; x_wconf 82' lang='lat' dir='ltr'>existimabat.</span> <span class='ocrx_word' id='word_1_68' title='bbox 984 1411 1053 1496; x_wconf 83' lang='lat' dir='ltr'>lpse</span> <span class='ocrx_word' id='word_1_69' title='bbox 1067 1413 1131 1477; x_wconf 90' lang='lat' dir='ltr'>ido·</span> <span class='ocrx_word' id='word_1_70' title='bbox 1146 1414 1167 1479; x_wconf 93' lang='grc'>3</span> 
     </span>
     <span class='ocr_line' id='line_1_9' title="bbox 67 1514 1133 1598; baseline 0.004 -21"><span class='ocrx_word' id='word_1_71' title='bbox 67 1534 93 1577; x_wconf 80' lang='lat' dir='ltr'>n</span> <span class='ocrx_word' id='word_1_72' title='bbox 107 1518 318 1597; x_wconf 75' lang='lat' dir='ltr'><strong>tempestatem</strong></span> <span class='ocrx_word' id='word_1_73' title='bbox 335 1524 462 1577; x_wconf 87' lang='lat' dir='ltr'>nanctus</span> <span class='ocrx_word' id='word_1_74' title='bbox 486 1514 574 1597; x_wconf 86' lang='lat' dir='ltr'>paulo</span> <span class='ocrx_word' id='word_1_75' title='bbox 601 1516 809 1598; x_wconf 73' lang='lat' dir='ltr'>postmodium</span> <span class='ocrx_word' id='word_1_76' title='bbox 827 1527 944 1580; x_wconf 87' lang='lat' dir='ltr'>noctem</span> <span class='ocrx_word' id='word_1_77' title='bbox 962 1537 1056 1580; x_wconf 91' lang='lat' dir='ltr'>naues</span> <span class='ocrx_word' id='word_1_78' title='bbox 1072 1517 1133 1581; x_wconf 88' lang='lat' dir='ltr'>sol·</span> 
     </span>
    </p>

    <p class='ocr_par' dir='ltr' id='par_1_3' title="bbox 67 1615 1190 2007">
     <span class='ocr_line' id='line_1_10' title="bbox 67 1615 1169 1701; baseline 0.005 -22"><span class='ocrx_word' id='word_1_79' title='bbox 67 1640 71 1693; x_wconf 82' lang='lat'><strong>;</strong></span> <span class='ocrx_word' id='word_1_80' title='bbox 97 1636 176 1700; x_wconf 93' lang='lat' dir='ltr'>quae</span> <span class='ocrx_word' id='word_1_81' title='bbox 192 1636 297 1679; x_wconf 88' lang='lat' dir='ltr'>omues</span> <span class='ocrx_word' id='word_1_82' title='bbox 314 1615 478 1679; x_wconf 86' lang='lat' dir='ltr'><strong>incolumes</strong></span> <span class='ocrx_word' id='word_1_83' title='bbox 493 1615 530 1679; x_wconf 84' lang='lat' dir='ltr'>ud</span> <span class='ocrx_word' id='word_1_84' title='bbox 546 1618 749 1682; x_wconf 88' lang='lat' dir='ltr'>coutinentem</span> <span class='ocrx_word' id='word_1_85' title='bbox 767 1629 991 1701; x_wconf 86' lang='lat' dir='ltr'>peruenerunt,</span> <span class='ocrx_word' id='word_1_86' title='bbox 1014 1621 1067 1683; x_wconf 88' lang='lat' dir='ltr'>sed</span> <span class='ocrx_word' id='word_1_87' title='bbox 1092 1618 1169 1684; x_wconf 72' lang='lat' dir='ltr'>esd</span> 
     </span>
     <span class='ocr_line' id='line_1_11' title="bbox 67 1717 1133 1806; baseline 0.003 -23"><span class='ocrx_word' id='word_1_88' title='bbox 67 1717 220 1783; x_wconf 73' lang='lat' dir='ltr'>intrariae</span> <span class='ocrx_word' id='word_1_89' title='bbox 236 1718 312 1780; x_wconf 87' lang='lat' dir='ltr'>duae</span> <span class='ocrx_word' id='word_1_90' title='bbox 329 1719 461 1796; x_wconf 90' lang='lat' dir='ltr'>eosdem,</span> <span class='ocrx_word' id='word_1_91' title='bbox 479 1741 553 1802; x_wconf 93' lang='lat' dir='ltr'>quos</span> <span class='ocrx_word' id='word_1_92' title='bbox 570 1719 688 1802; x_wconf 81' lang='lat' dir='ltr'>reliqui,</span> <span class='ocrx_word' id='word_1_93' title='bbox 707 1730 812 1804; x_wconf 89' lang='lat' dir='ltr'>portus</span> <span class='ocrx_word' id='word_1_94' title='bbox 829 1741 937 1803; x_wconf 85' lang='lat' dir='ltr'>cupere</span> <span class='ocrx_word' id='word_1_95' title='bbox 952 1743 1011 1785; x_wconf 90' lang='lat' dir='ltr'>uon</span> <span class='ocrx_word' id='word_1_96' title='bbox 1029 1733 1133 1806; x_wconf 82' lang='lat' dir='ltr'>potue·</span> 
     </span>
     <span class='ocr_line' id='line_1_12' title="bbox 68 1818 1190 1905; baseline 0.004 -22"><span class='ocrx_word' id='word_1_97' title='bbox 68 1828 124 1885; x_wconf 92' lang='lat' dir='ltr'>tet</span> <span class='ocrx_word' id='word_1_98' title='bbox 137 1821 227 1905; x_wconf 84' lang='lat' dir='ltr'>paulu</span> <span class='ocrx_word' id='word_1_99' title='bbox 242 1819 319 1883; x_wconf 81' lang='lat' dir='ltr'>iutra</span> <span class='ocrx_word' id='word_1_100' title='bbox 336 1822 451 1885; x_wconf 83' lang='lat' dir='ltr'>delatae</span> <span class='ocrx_word' id='word_1_101' title='bbox 467 1832 547 1885; x_wconf 91' lang='lat' dir='ltr'>sunt.</span> <span class='ocrx_word' id='word_1_102' title='bbox 595 1818 711 1903; x_wconf 83' lang='lat' dir='ltr'>Quibus</span> <span class='ocrx_word' id='word_1_103' title='bbox 733 1844 774 1886; x_wconf 83' lang='lat' dir='ltr'>ex</span> <span class='ocrx_word' id='word_1_104' title='bbox 797 1823 922 1887; x_wconf 88' lang='lat' dir='ltr'>nauibus</span> <span class='ocrx_word' id='word_1_105' title='bbox 947 1846 1013 1887; x_wconf 88' lang='lat' dir='ltr'>cum</span> <span class='ocrx_word' id='word_1_106' title='bbox 1030 1835 1134 1888; x_wconf 89' lang='lat' dir='ltr'>essent</span> <span class='ocrx_word' id='word_1_107' title='bbox 1147 1822 1190 1897; x_wconf 76' lang='lat'>87</span> 
     </span>
     <span class='ocr_line' id='line_1_13' title="bbox 67 1921 1131 2007; baseline 0.001 -20"><span class='ocrx_word' id='word_1_108' title='bbox 67 1922 136 1987; x_wconf 79' lang='lat' dir='ltr'>ositi</span> <span class='ocrx_word' id='word_1_109' title='bbox 152 1921 265 1986; x_wconf 86' lang='lat' dir='ltr'>milites</span> <span class='ocrx_word' id='word_1_110' title='bbox 282 1922 404 1986; x_wconf 86' lang='lat' dir='ltr'>circiter</span> <span class='ocrx_word' id='word_1_111' title='bbox 419 1924 546 1988; x_wconf 88' lang='lat' dir='ltr'>trecenti</span> <span class='ocrx_word' id='word_1_112' title='bbox 563 1935 651 2007; x_wconf 85' lang='lat' dir='ltr'>atque</span> <span class='ocrx_word' id='word_1_113' title='bbox 668 1925 698 1988; x_wconf 92' lang='lat' dir='ltr'>iu</span> <span class='ocrx_word' id='word_1_114' title='bbox 708 1936 806 1988; x_wconf 87' lang='lat' dir='ltr'>castra</span> <span class='ocrx_word' id='word_1_115' title='bbox 816 1926 1045 2004; x_wconf 89' lang='lat' dir='ltr'>contenderent,</span> <span class='ocrx_word' id='word_1_116' title='bbox 1063 1922 1131 1989; x_wconf 86' lang='grc' dir='ltr'>Μο-</span> 
     </span>
    </p>

    <p class='ocr_par' dir='ltr' id='par_1_4' title="bbox 67 2020 1169 2620">
     <span class='ocr_line' id='line_1_14' title="bbox 74 2020 1129 2112; baseline 0.004 -25"><span class='ocrx_word' id='word_1_117' title='bbox 74 2071 85 2105; x_wconf 90' lang='grc'><em>,</em></span> <span class='ocrx_word' id='word_1_118' title='bbox 108 2046 182 2109; x_wconf 89' lang='lat' dir='ltr'>quos</span> <span class='ocrx_word' id='word_1_119' title='bbox 198 2020 363 2088; x_wconf 84' lang='lat' dir='ltr'>Caesario</span> <span class='ocrx_word' id='word_1_120' title='bbox 379 2023 568 2090; x_wconf 83' lang='lat' dir='ltr'>Britanniam</span> <span class='ocrx_word' id='word_1_121' title='bbox 592 2028 782 2110; x_wconf 78' lang='lat' dir='ltr'>proficiscens</span> <span class='ocrx_word' id='word_1_122' title='bbox 805 2039 927 2112; x_wconf 86' lang='lat' dir='ltr'>pacatos</span> <span class='ocrx_word' id='word_1_123' title='bbox 950 2029 1129 2112; x_wconf 86' lang='lat' dir='ltr'>reliquerat,</span> 
     </span>
     <span class='ocr_line' id='line_1_15' title="bbox 74 2128 1130 2213; baseline 0.002 -22"><span class='ocrx_word' id='word_1_124' title='bbox 74 2128 205 2213; x_wconf 73' lang='lat' dir='ltr'>praedae</span> <span class='ocrx_word' id='word_1_125' title='bbox 220 2128 337 2191; x_wconf 87' lang='lat' dir='ltr'>adducti</span> <span class='ocrx_word' id='word_1_126' title='bbox 354 2129 449 2212; x_wconf 75' lang='lat' dir='ltr'>primo</span> <span class='ocrx_word' id='word_1_127' title='bbox 465 2151 524 2191; x_wconf 91' lang='lat' dir='ltr'>nou</span> <span class='ocrx_word' id='word_1_128' title='bbox 540 2130 581 2193; x_wconf 89' lang='lat' dir='ltr'>ita</span> <span class='ocrx_word' id='word_1_129' title='bbox 598 2150 705 2213; x_wconf 75' lang='lat' dir='ltr'>magno</span> <span class='ocrx_word' id='word_1_130' title='bbox 726 2152 846 2193; x_wconf 92' lang='lat' dir='ltr'>suorum</span> <span class='ocrx_word' id='word_1_131' title='bbox 863 2151 987 2195; x_wconf 90' lang='lat' dir='ltr'>numero</span> <span class='ocrx_word' id='word_1_132' title='bbox 1003 2132 1130 2195; x_wconf 90' lang='lat' dir='ltr'>eircum-</span> 
     </span>
     <span class='ocr_line' id='line_1_16' title="bbox 67 2230 1169 2317; baseline 0.003 -24"><span class='ocrx_word' id='word_1_133' title='bbox 67 2239 161 2293; x_wconf 74' lang='lat' dir='ltr'>mut</span> <span class='ocrx_word' id='word_1_134' title='bbox 174 2252 222 2310; x_wconf 89' lang='lat' dir='ltr'>ae,</span> <span class='ocrx_word' id='word_1_135' title='bbox 237 2230 263 2293; x_wconf 89' lang='lat' dir='ltr'>si</span> <span class='ocrx_word' id='word_1_136' title='bbox 280 2252 349 2295; x_wconf 89' lang='lat' dir='ltr'>sese</span> <span class='ocrx_word' id='word_1_137' title='bbox 364 2231 491 2295; x_wconf 86' lang='lat' dir='ltr'>interfici</span> <span class='ocrx_word' id='word_1_138' title='bbox 508 2233 635 2310; x_wconf 90' lang='lat' dir='ltr'>nollent,</span> <span class='ocrx_word' id='word_1_139' title='bbox 652 2253 855 2317; x_wconf 83' lang='lat' dir='ltr'>armapouere</span> <span class='ocrx_word' id='word_1_140' title='bbox 872 2235 1036 2296; x_wconf 87' lang='lat' dir='ltr'>iusserunt.</span> <span class='ocrx_word' id='word_1_141' title='bbox 1054 2230 1169 2296; x_wconf 76' lang='lat' dir='ltr'>Cum2</span> 
     </span>
     <span class='ocr_line' id='line_1_17' title="bbox 72 2330 1131 2412; baseline 0 -15"><span class='ocrx_word' id='word_1_142' title='bbox 72 2330 147 2397; x_wconf 82' lang='lat' dir='ltr'>arbe</span> <span class='ocrx_word' id='word_1_143' title='bbox 162 2332 238 2395; x_wconf 87' lang='lat' dir='ltr'>lacto</span> <span class='ocrx_word' id='word_1_144' title='bbox 252 2354 318 2398; x_wconf 88' lang='lat' dir='ltr'>sese</span> <span class='ocrx_word' id='word_1_145' title='bbox 335 2332 551 2412; x_wconf 78' lang='lat' dir='ltr'>defenderent,</span> <span class='ocrx_word' id='word_1_146' title='bbox 576 2336 715 2399; x_wconf 86' lang='lat' dir='ltr'>celeriter</span> <span class='ocrx_word' id='word_1_147' title='bbox 735 2335 772 2399; x_wconf 89' lang='lat' dir='ltr'>ad</span> <span class='ocrx_word' id='word_1_148' title='bbox 796 2336 954 2398; x_wconf 90' lang='lat' dir='ltr'>clamorem</span> <span class='ocrx_word' id='word_1_149' title='bbox 981 2333 1131 2397; x_wconf 90' lang='lat' dir='ltr'>bominum</span> 
     </span>
     <span class='ocr_line' id='line_1_18' title="bbox 67 2431 1132 2518; baseline -0.002 -20"><span class='ocrx_word' id='word_1_150' title='bbox 67 2431 139 2499; x_wconf 79' lang='lat' dir='ltr'>riter</span> <span class='ocrx_word' id='word_1_151' title='bbox 152 2434 230 2499; x_wconf 83' lang='lat' dir='ltr'>milia</span> <span class='ocrx_word' id='word_1_152' title='bbox 244 2456 299 2501; x_wconf 85' lang='lat' dir='ltr'>sex</span> <span class='ocrx_word' id='word_1_153' title='bbox 315 2448 535 2500; x_wconf 89' lang='lat' dir='ltr'>conuenerunt.</span> <span class='ocrx_word' id='word_1_154' title='bbox 582 2433 649 2518; x_wconf 84' lang='lat' dir='ltr'>Qua</span> <span class='ocrx_word' id='word_1_155' title='bbox 673 2458 707 2501; x_wconf 91' lang='lat' dir='ltr'>re</span> <span class='ocrx_word' id='word_1_156' title='bbox 729 2438 865 2501; x_wconf 88' lang='lat' dir='ltr'>nuntiata</span> <span class='ocrx_word' id='word_1_157' title='bbox 883 2432 999 2501; x_wconf 85' lang='lat' dir='ltr'>Caesar</span> <span class='ocrx_word' id='word_1_158' title='bbox 1015 2454 1132 2498; x_wconf 87' lang='lat' dir='ltr'>omnem</span> 
     </span>
     <span class='ocr_line' id='line_1_19' title="bbox 67 2535 1168 2620; baseline -0.001 -19"><span class='ocrx_word' id='word_1_159' title='bbox 67 2536 180 2601; x_wconf 68' lang='lat' dir='ltr'>nitl&#39;is&#39;</span> <span class='ocrx_word' id='word_1_160' title='bbox 195 2536 436 2620; x_wconf 76' lang='lat' dir='ltr'>equitatum&#39;suis</span> <span class='ocrx_word' id='word_1_161' title='bbox 451 2539 566 2604; x_wconf 80' lang='lat' dir='ltr'>auxilio</span> <span class='ocrx_word' id='word_1_162' title='bbox 581 2541 673 2605; x_wconf 85' lang='lat' dir='ltr'>misit.</span> <span class='ocrx_word' id='word_1_163' title='bbox 705 2538 829 2604; x_wconf 84' lang='lat' dir='ltr'>iuterim</span> <span class='ocrx_word' id='word_1_164' title='bbox 848 2538 945 2603; x_wconf 91' lang='lat' dir='ltr'>nostri</span> <span class='ocrx_word' id='word_1_165' title='bbox 962 2537 1071 2602; x_wconf 89' lang='lat' dir='ltr'>milites</span> <span class='ocrx_word' id='word_1_166' title='bbox 1086 2535 1131 2600; x_wconf 93' lang='lat' dir='ltr'>iu·</span> <span class='ocrx_word' id='word_1_167' title='bbox 1147 2535 1168 2600; x_wconf 98' lang='grc'>3</span> 
     </span>
    </p>
   </div>
   <div class='ocr_carea' id='block_1_3' title="bbox 67 2638 1190 3343">
    <p class='ocr_par' dir='ltr' id='par_1_5' title="bbox 67 2638 1190 3343">
     <span class='ocr_line' id='line_1_20' title="bbox 67 2638 1133 2728; baseline -0.002 -25"><span class='ocrx_word' id='word_1_168' title='bbox 67 2658 108 2703; x_wconf 79' lang='grc' dir='ltr'>ιιι</span> <span class='ocrx_word' id='word_1_169' title='bbox 124 2638 256 2703; x_wconf 87' lang='lat' dir='ltr'>bostium</span> <span class='ocrx_word' id='word_1_170' title='bbox 272 2642 483 2705; x_wconf 90' lang='lat' dir='ltr'>sustinuerunt</span> <span class='ocrx_word' id='word_1_171' title='bbox 504 2654 592 2726; x_wconf 90' lang='lat' dir='ltr'>atque</span> <span class='ocrx_word' id='word_1_172' title='bbox 614 2643 739 2728; x_wconf 86' lang='lat' dir='ltr'>amplius</span> <span class='ocrx_word' id='word_1_173' title='bbox 764 2642 847 2705; x_wconf 92' lang='lat' dir='ltr'>boris</span> <span class='ocrx_word' id='word_1_174' title='bbox 869 2651 1009 2724; x_wconf 90' lang='lat' dir='ltr'>quattuor</span> <span class='ocrx_word' id='word_1_175' title='bbox 1031 2639 1133 2702; x_wconf 89' lang='lat' dir='ltr'>lortis·</span> 
     </span>
     <span class='ocr_line' id='line_1_21' title="bbox 67 2741 1134 2829; baseline -0.001 -24"><span class='ocrx_word' id='word_1_176' title='bbox 67 2755 312 2829; x_wconf 74' lang='lat' dir='ltr'>epnguaueruut</span> <span class='ocrx_word' id='word_1_177' title='bbox 332 2755 364 2807; x_wconf 91' lang='lat' dir='ltr'>et</span> <span class='ocrx_word' id='word_1_178' title='bbox 385 2745 488 2828; x_wconf 85' lang='lat' dir='ltr'>paucis</span> <span class='ocrx_word' id='word_1_179' title='bbox 510 2746 684 2810; x_wconf 91' lang='lat' dir='ltr'>uulneribus</span> <span class='ocrx_word' id='word_1_180' title='bbox 708 2746 839 2828; x_wconf 83' lang='lat' dir='ltr'>acceptis</span> <span class='ocrx_word' id='word_1_181' title='bbox 854 2744 1015 2827; x_wconf 85' lang='lat' dir='ltr'>conplures</span> <span class='ocrx_word' id='word_1_182' title='bbox 1031 2763 1071 2806; x_wconf 83' lang='lat' dir='ltr'>ex</span> <span class='ocrx_word' id='word_1_183' title='bbox 1087 2741 1134 2805; x_wconf 90' lang='lat' dir='ltr'>bis</span> 
     </span>
     <span class='ocr_line' id='line_1_22' title="bbox 67 2841 1169 2931; baseline -0.003 -22"><span class='ocrx_word' id='word_1_184' title='bbox 67 2842 195 2909; x_wconf 76' lang='lat' dir='ltr'>iderunt.</span> <span class='ocrx_word' id='word_1_185' title='bbox 218 2842 332 2909; x_wconf 87' lang='lat' dir='ltr'>Postea</span> <span class='ocrx_word' id='word_1_186' title='bbox 346 2868 421 2910; x_wconf 92' lang='lat' dir='ltr'>uero</span> <span class='ocrx_word' id='word_1_187' title='bbox 437 2869 524 2929; x_wconf 88' lang='lat' dir='ltr'>qnam</span> <span class='ocrx_word' id='word_1_188' title='bbox 542 2849 691 2931; x_wconf 88' lang='lat' dir='ltr'>equitatus</span> <span class='ocrx_word' id='word_1_189' title='bbox 708 2861 813 2911; x_wconf 88' lang='lat' dir='ltr'>noster</span> <span class='ocrx_word' id='word_1_190' title='bbox 828 2848 856 2910; x_wconf 92' lang='lat' dir='ltr'>iu</span> <span class='ocrx_word' id='word_1_191' title='bbox 873 2856 1065 2930; x_wconf 88' lang='lat' dir='ltr'>conspectum</span> <span class='ocrx_word' id='word_1_192' title='bbox 1081 2864 1134 2908; x_wconf 90' lang='lat' dir='ltr'>ue·</span> <span class='ocrx_word' id='word_1_193' title='bbox 1148 2841 1169 2905; x_wconf 82' lang='lat'>4</span> 
     </span>
     <span class='ocr_line' id='line_1_23' title="bbox 67 2946 1132 3035; baseline -0.002 -24"><span class='ocrx_word' id='word_1_194' title='bbox 67 2991 73 3023; x_wconf 81' lang='grc'>,</span> <span class='ocrx_word' id='word_1_195' title='bbox 97 2946 203 3012; x_wconf 89' lang='lat' dir='ltr'>bostes</span> <span class='ocrx_word' id='word_1_196' title='bbox 226 2948 349 3012; x_wconf 88' lang='lat' dir='ltr'>abiectis</span> <span class='ocrx_word' id='word_1_197' title='bbox 374 2950 466 3012; x_wconf 92' lang='lat' dir='ltr'>armis</span> <span class='ocrx_word' id='word_1_198' title='bbox 483 2960 565 3033; x_wconf 78' lang='lat' dir='ltr'>terga</span> <span class='ocrx_word' id='word_1_199' title='bbox 583 2961 742 3014; x_wconf 89' lang='lat' dir='ltr'>uerterunt</span> <span class='ocrx_word' id='word_1_200' title='bbox 756 2971 940 3035; x_wconf 80' lang='lat' dir='ltr'>magnusque</span> <span class='ocrx_word' id='word_1_201' title='bbox 956 2970 1061 3013; x_wconf 91' lang='lat' dir='ltr'>eorum</span> <span class='ocrx_word' id='word_1_202' title='bbox 1077 2967 1132 3010; x_wconf 94' lang='lat' dir='ltr'>uu-</span> 
     </span>
     <span class='ocr_line' id='line_1_24' title="bbox 67 3045 1190 3136; baseline 0.001 -21"><span class='ocrx_word' id='word_1_203' title='bbox 67 3068 110 3115; x_wconf 80' lang='lat' dir='ltr'>us</span> <span class='ocrx_word' id='word_1_204' title='bbox 126 3060 176 3114; x_wconf 88' lang='lat' dir='ltr'>est</span> <span class='ocrx_word' id='word_1_205' title='bbox 190 3050 322 3114; x_wconf 87' lang='lat' dir='ltr'>occisus.</span> <span class='ocrx_word' id='word_1_206' title='bbox 366 3047 484 3116; x_wconf 80' lang='lat' dir='ltr'>Caesar</span> <span class='ocrx_word' id='word_1_207' title='bbox 499 3064 620 3136; x_wconf 88' lang='lat' dir='ltr'>postero</span> <span class='ocrx_word' id='word_1_208' title='bbox 637 3055 683 3116; x_wconf 87' lang='lat' dir='ltr'>die</span> <span class='ocrx_word' id='word_1_209' title='bbox 698 3052 799 3117; x_wconf 84' lang='lat' dir='ltr'>Titum</span> <span class='ocrx_word' id='word_1_210' title='bbox 815 3051 981 3117; x_wconf 87' lang='lat' dir='ltr'>Labienum</span> <span class='ocrx_word' id='word_1_211' title='bbox 998 3054 1128 3135; x_wconf 83' lang='lat' dir='ltr'>legatum</span> <span class='ocrx_word' id='word_1_212' title='bbox 1142 3045 1190 3116; x_wconf 88' lang='grc'>38</span> 
     </span>
     <span class='ocr_line' id='line_1_25' title="bbox 67 3150 1135 3239; baseline -0.002 -24"><span class='ocrx_word' id='word_1_213' title='bbox 67 3150 131 3217; x_wconf 84' lang='lat' dir='ltr'>tiis</span> <span class='ocrx_word' id='word_1_214' title='bbox 145 3151 328 3239; x_wconf 81' lang='lat' dir='ltr'>legionibus,</span> <span class='ocrx_word' id='word_1_215' title='bbox 346 3175 419 3238; x_wconf 89' lang='lat' dir='ltr'>quas</span> <span class='ocrx_word' id='word_1_216' title='bbox 435 3176 475 3218; x_wconf 82' lang='lat' dir='ltr'>ex</span> <span class='ocrx_word' id='word_1_217' title='bbox 491 3152 648 3218; x_wconf 88' lang='lat' dir='ltr'>Britannia</span> <span class='ocrx_word' id='word_1_218' title='bbox 664 3156 840 3231; x_wconf 85' lang='lat' dir='ltr'>reduxerat,</span> <span class='ocrx_word' id='word_1_219' title='bbox 858 3157 889 3219; x_wconf 94' lang='lat' dir='ltr'>in</span> <span class='ocrx_word' id='word_1_220' title='bbox 905 3153 1064 3230; x_wconf 88' lang='lat' dir='ltr'>Morinos,</span> <span class='ocrx_word' id='word_1_221' title='bbox 1083 3150 1135 3233; x_wconf 92' lang='lat' dir='ltr'>qui</span> 
     </span>
     <span class='ocr_line' id='line_1_26' title="bbox 67 3249 1171 3343; baseline -0.006 -22"><span class='ocrx_word' id='word_1_222' title='bbox 67 3252 204 3321; x_wconf 86' lang='lat' dir='ltr'>tlliouem</span> <span class='ocrx_word' id='word_1_223' title='bbox 221 3256 368 3336; x_wconf 86' lang='lat' dir='ltr'>fecerant,</span> <span class='ocrx_word' id='word_1_224' title='bbox 385 3257 477 3321; x_wconf 89' lang='lat' dir='ltr'>misit.</span> <span class='ocrx_word' id='word_1_225' title='bbox 515 3253 574 3339; x_wconf 77' lang='lat' dir='ltr'>Qui</span> <span class='ocrx_word' id='word_1_226' title='bbox 591 3278 657 3321; x_wconf 90' lang='lat' dir='ltr'>cum</span> <span class='ocrx_word' id='word_1_227' title='bbox 673 3268 796 3343; x_wconf 83' lang='lat' dir='ltr'>propter</span> <span class='ocrx_word' id='word_1_228' title='bbox 811 3259 965 3322; x_wconf 87' lang='lat' dir='ltr'>siccitates</span> <span class='ocrx_word' id='word_1_229' title='bbox 980 3254 1131 3340; x_wconf 83' lang='lat' dir='ltr'>paludum,</span> <span class='ocrx_word' id='word_1_230' title='bbox 1148 3249 1171 3315; x_wconf 83' lang='lat'>2</span> 
     </span>
    </p>
   </div>
   <div class='ocr_carea' id='block_1_4' title="bbox 67 3508 1140 4752">
    <p class='ocr_par' dir='ltr' id='par_1_6' title="bbox 67 3508 1140 4752">
     <span class='ocr_line' id='line_1_27' title="bbox 121 3508 1131 3584; baseline -0.008 -17"><span class='ocrx_word' id='word_1_231' title='bbox 121 3513 138 3567; x_wconf 83' lang='lat'>1</span> <span class='ocrx_word' id='word_1_232' title='bbox 151 3522 247 3581; x_wconf 83' lang='lat' dir='ltr'>qneuto</span> <span class='ocrx_word' id='word_1_233' title='bbox 260 3532 339 3568; x_wconf 83' lang='lat' dir='ltr'>cursu</span> <span class='ocrx_word' id='word_1_234' title='bbox 352 3518 401 3584; x_wconf 81' lang='lat' dir='ltr'>es.</span> <span class='ocrx_word' id='word_1_235' title='bbox 491 3519 508 3571; x_wconf 78' lang='lat'><strong>2</strong></span> <span class='ocrx_word' id='word_1_236' title='bbox 521 3518 658 3584; x_wconf 87' lang='lat' dir='ltr'>conplures</span> <span class='ocrx_word' id='word_1_237' title='bbox 670 3520 705 3569; x_wconf 83' lang='lat' dir='ltr'>B.</span> <span class='ocrx_word' id='word_1_238' title='bbox 810 3516 844 3567; x_wconf 82' lang='lat' dir='ltr'>iis</span> <span class='ocrx_word' id='word_1_239' title='bbox 858 3516 884 3567; x_wconf 98' lang='lat' dir='ltr'><em>A</em></span> <span class='ocrx_word' id='word_1_240' title='bbox 892 3513 937 3578; x_wconf 77' lang='lat' dir='ltr'>(B)</span> <span class='ocrx_word' id='word_1_241' title='bbox 946 3510 1042 3575; x_wconf 71' lang='lat' dir='ltr'>end,</span> <span class='ocrx_word' id='word_1_242' title='bbox 1055 3508 1097 3560; x_wconf 90' lang='lat' dir='ltr'>bis</span> <span class='ocrx_word' id='word_1_243' title='bbox 1101 3508 1131 3575; x_wconf 86' lang='lat' dir='ltr'>J.</span> 
     </span>
     <span class='ocr_line' id='line_1_28' title="bbox 122 3590 1136 3664; baseline -0.006 -18"><span class='ocrx_word' id='word_1_244' title='bbox 122 3590 228 3660; x_wconf 78' lang='lat' dir='ltr'>hicque</span> <span class='ocrx_word' id='word_1_245' title='bbox 242 3596 343 3648; x_wconf 84' lang='lat' dir='ltr'>efflictis</span> <span class='ocrx_word' id='word_1_246' title='bbox 356 3597 524 3664; x_wconf 86' lang='lat' dir='ltr'>lucensisque</span> <span class='ocrx_word' id='word_1_247' title='bbox 538 3614 566 3648; x_wconf 86' lang='lat' dir='ltr'>se</span> <span class='ocrx_word' id='word_1_248' title='bbox 580 3613 638 3647; x_wconf 85' lang='lat' dir='ltr'>cum</span> <span class='ocrx_word' id='word_1_249' title='bbox 652 3597 720 3648; x_wconf 80' lang='lat' dir='ltr'>eolis</span> <span class='ocrx_word' id='word_1_250' title='bbox 732 3595 808 3651; x_wconf 87' lang='lat' dir='ltr'>And.</span> <span class='ocrx_word' id='word_1_251' title='bbox 825 3594 913 3646; x_wconf 82' lang='lat' dir='ltr'>Oaron.</span> <span class='ocrx_word' id='word_1_252' title='bbox 928 3608 956 3643; x_wconf 83' lang='lat' dir='ltr'>et.</span> <span class='ocrx_word' id='word_1_253' title='bbox 1063 3590 1078 3640; x_wconf 87' lang='lat' dir='ltr'>b</span> <span class='ocrx_word' id='word_1_254' title='bbox 1090 3600 1136 3636; x_wconf 78' lang='lat' dir='ltr'>tn·</span> 
     </span>
     <span class='ocr_line' id='line_1_29' title="bbox 67 3666 1135 3740; baseline -0.008 -19"><span class='ocrx_word' id='word_1_255' title='bbox 67 3668 212 3736; x_wconf 70' lang='lat' dir='ltr'>tuens,</span> <span class='ocrx_word' id='word_1_256' title='bbox 227 3680 306 3724; x_wconf 81' lang='lat' dir='ltr'>autea</span> <span class='ocrx_word' id='word_1_257' title='bbox 312 3675 368 3740; x_wconf 84' lang='lat' dir='ltr'>sn.</span> <span class='ocrx_word' id='word_1_258' title='bbox 487 3674 593 3726; x_wconf 75' lang='lat' dir='ltr'>ibiemi</span> <span class='ocrx_word' id='word_1_259' title='bbox 608 3676 632 3726; x_wconf 90' lang='lat' dir='ltr'><em>A</em></span> <span class='ocrx_word' id='word_1_260' title='bbox 638 3673 812 3725; x_wconf 85' lang='lat' dir='ltr'>BDabede</span> <span class='ocrx_word' id='word_1_261' title='bbox 817 3672 853 3738; x_wconf 88' lang='lat' dir='ltr'>s,</span> <span class='ocrx_word' id='word_1_262' title='bbox 869 3670 962 3721; x_wconf 81' lang='lat' dir='ltr'>biennis</span> <span class='ocrx_word' id='word_1_263' title='bbox 976 3666 1031 3720; x_wconf 75' lang='lat' dir='ltr'>CB</span> <span class='ocrx_word' id='word_1_264' title='bbox 1043 3670 1135 3716; x_wconf 85' lang='lat' dir='ltr'>etree.</span> 
     </span>
     <span class='ocr_line' id='line_1_30' title="bbox 67 3745 1135 3817; baseline -0.004 -19"><span class='ocrx_word' id='word_1_265' title='bbox 67 3746 98 3799; x_wconf 89' lang='lat' dir='ltr'>tt.</span> <span class='ocrx_word' id='word_1_266' title='bbox 229 3749 408 3802; x_wconf 81' lang='lat' dir='ltr'>subiciendam</span> <span class='ocrx_word' id='word_1_267' title='bbox 421 3752 509 3817; x_wconf 74' lang='lat' dir='ltr'>Ans</span> <span class='ocrx_word' id='word_1_268' title='bbox 515 3757 557 3816; x_wconf 89' lang='lat' dir='ltr'>et,</span> <span class='ocrx_word' id='word_1_269' title='bbox 572 3752 604 3803; x_wconf 85' lang='lat' dir='ltr'>de</span> <span class='ocrx_word' id='word_1_270' title='bbox 616 3752 730 3817; x_wconf 77' lang='lat' dir='ltr'>quibus,</span> <span class='ocrx_word' id='word_1_271' title='bbox 744 3750 827 3802; x_wconf 87' lang='lat' dir='ltr'>suble.</span> <span class='ocrx_word' id='word_1_272' title='bbox 842 3763 879 3799; x_wconf 84' lang='lat' dir='ltr'>un</span> <span class='ocrx_word' id='word_1_273' title='bbox 892 3746 986 3797; x_wconf 86' lang='lat' dir='ltr'>subiio.</span> <span class='ocrx_word' id='word_1_274' title='bbox 1000 3745 1135 3805; x_wconf 82' lang='lat' dir='ltr'>babeant,</span> 
     </span>
     <span class='ocr_line' id='line_1_31' title="bbox 78 3823 1137 3892; baseline -0.006 -15"><span class='ocrx_word' id='word_1_275' title='bbox 78 3829 192 3877; x_wconf 67' lang='lat' dir='ltr'>uastat</span> <span class='ocrx_word' id='word_1_276' title='bbox 199 3862 209 3890; x_wconf 91' lang='lat'>,</span> <span class='ocrx_word' id='word_1_277' title='bbox 224 3825 327 3892; x_wconf 85' lang='lat' dir='ltr'>bede‚·</span> <span class='ocrx_word' id='word_1_278' title='bbox 341 3829 494 3880; x_wconf 85' lang='lat' dir='ltr'>subicienda</span> <span class='ocrx_word' id='word_1_279' title='bbox 507 3829 545 3892; x_wconf 89' lang='lat' dir='ltr'>B,</span> <span class='ocrx_word' id='word_1_280' title='bbox 560 3828 709 3879; x_wconf 83' lang='lat' dir='ltr'>subitieuda</span> <span class='ocrx_word' id='word_1_281' title='bbox 724 3827 756 3879; x_wconf 84' lang='lat' dir='ltr'>C.</span> <span class='ocrx_word' id='word_1_282' title='bbox 850 3826 989 3877; x_wconf 77' lang='lat' dir='ltr'>buunetus</span> <span class='ocrx_word' id='word_1_283' title='bbox 1001 3823 1058 3887; x_wconf 88' lang='lat' dir='ltr'>Ao,</span> <span class='ocrx_word' id='word_1_284' title='bbox 1074 3836 1137 3872; x_wconf 80' lang='lat' dir='ltr'>unu·</span> 
     </span>
     <span class='ocr_line' id='line_1_32' title="bbox 67 3901 1009 3969; baseline -0.006 -12"><span class='ocrx_word' id='word_1_285' title='bbox 67 3904 131 3969; x_wconf 72' lang='lat' dir='ltr'>Ax,-</span> <span class='ocrx_word' id='word_1_286' title='bbox 146 3911 241 3956; x_wconf 80' lang='lat' dir='ltr'>noetus</span> <span class='ocrx_word' id='word_1_287' title='bbox 253 3921 281 3956; x_wconf 81' lang='lat' dir='ltr'>n.</span> <span class='ocrx_word' id='word_1_288' title='bbox 422 3906 476 3959; x_wconf 68' lang='lat' dir='ltr'>lio</span> <span class='ocrx_word' id='word_1_289' title='bbox 491 3907 666 3958; x_wconf 84' lang='lat' dir='ltr'>coutinentem</span> <span class='ocrx_word' id='word_1_290' title='bbox 681 3908 706 3957; x_wconf 93' lang='lat' dir='ltr'>b.</span> <span class='ocrx_word' id='word_1_291' title='bbox 833 3903 946 3954; x_wconf 80' lang='lat' dir='ltr'>aedom.</span> <span class='ocrx_word' id='word_1_292' title='bbox 961 3901 1009 3967; x_wconf 82' lang='lat' dir='ltr'>es.</span> 
     </span>
     <span class='ocr_line' id='line_1_33' title="bbox 67 3976 1137 4050; baseline -0.007 -17"><span class='ocrx_word' id='word_1_293' title='bbox 67 3980 159 4035; x_wconf 80' lang='lat' dir='ltr'>lsAB</span> <span class='ocrx_word' id='word_1_294' title='bbox 167 3982 224 4034; x_wconf 80' lang='lat' dir='ltr'>cu</span> <span class='ocrx_word' id='word_1_295' title='bbox 235 3984 271 4047; x_wconf 75' lang='lat' dir='ltr'>tt,</span> <span class='ocrx_word' id='word_1_296' title='bbox 287 3983 390 4050; x_wconf 82' lang='lat' dir='ltr'>bisso.</span> <span class='ocrx_word' id='word_1_297' title='bbox 512 3983 627 4050; x_wconf 85' lang='lat' dir='ltr'>eosdem]</span> <span class='ocrx_word' id='word_1_298' title='bbox 641 3985 705 4034; x_wconf 89' lang='lat' dir='ltr'>duos</span> <span class='ocrx_word' id='word_1_299' title='bbox 718 3983 781 4034; x_wconf 85' lang='lat' dir='ltr'>add.</span> <span class='ocrx_word' id='word_1_300' title='bbox 796 3983 831 4034; x_wconf 94' lang='lat' dir='ltr'>A.</span> <span class='ocrx_word' id='word_1_301' title='bbox 953 3994 1018 4047; x_wconf 86' lang='lat' dir='ltr'>quos</span> <span class='ocrx_word' id='word_1_302' title='bbox 1031 3976 1137 4043; x_wconf 86' lang='lat' dir='ltr'>reliqui,</span> 
     </span>
     <span class='ocr_line' id='line_1_34' title="bbox 67 4056 1137 4130; baseline -0.011 -15"><span class='ocrx_word' id='word_1_303' title='bbox 67 4066 104 4115; x_wconf 80' lang='grc'>111</span> <span class='ocrx_word' id='word_1_304' title='bbox 115 4062 175 4115; x_wconf 81' lang='lat' dir='ltr'>An</span> <span class='ocrx_word' id='word_1_305' title='bbox 183 4062 283 4125; x_wconf 57' lang='lat' dir='ltr'>edm·</span> <span class='ocrx_word' id='word_1_306' title='bbox 297 4070 398 4129; x_wconf 82' lang='lat' dir='ltr'>portus,</span> <span class='ocrx_word' id='word_1_307' title='bbox 413 4079 477 4130; x_wconf 87' lang='lat' dir='ltr'>quos</span> <span class='ocrx_word' id='word_1_308' title='bbox 491 4063 609 4129; x_wconf 86' lang='lat' dir='ltr'>reliquae</span> <span class='ocrx_word' id='word_1_309' title='bbox 622 4078 636 4111; x_wconf 87' lang='lat' dir='ltr'>e</span> <span class='ocrx_word' id='word_1_310' title='bbox 649 4062 704 4128; x_wconf 82' lang='lat' dir='ltr'>(die</span> <span class='ocrx_word' id='word_1_311' title='bbox 716 4060 867 4128; x_wconf 86' lang='lat' dir='ltr'>relique)s.</span> <span class='ocrx_word' id='word_1_312' title='bbox 994 4114 1000 4123; x_wconf 87' lang='lat'><em>.</em></span> <span class='ocrx_word' id='word_1_313' title='bbox 1014 4056 1045 4108; x_wconf 91' lang='lat' dir='ltr'>ll</span> <span class='ocrx_word' id='word_1_314' title='bbox 1061 4068 1137 4121; x_wconf 91' lang='lat' dir='ltr'>quum</span> 
     </span>
     <span class='ocr_line' id='line_1_35' title="bbox 71 4133 1136 4207; baseline -0.008 -16"><span class='ocrx_word' id='word_1_315' title='bbox 71 4142 86 4191; x_wconf 79' lang='grc'><strong>1</strong></span> <span class='ocrx_word' id='word_1_316' title='bbox 227 4141 260 4195; x_wconf 73' lang='lat' dir='ltr'>ta</span> <span class='ocrx_word' id='word_1_317' title='bbox 272 4144 384 4193; x_wconf 84' lang='lat' dir='ltr'>trecenti</span> <span class='ocrx_word' id='word_1_318' title='bbox 396 4144 421 4193; x_wconf 94' lang='lat' dir='ltr'><em>A</em></span> <span class='ocrx_word' id='word_1_319' title='bbox 428 4144 473 4207; x_wconf 80' lang='lat' dir='ltr'>(ll)</span> <span class='ocrx_word' id='word_1_320' title='bbox 483 4143 580 4205; x_wconf 79' lang='lat' dir='ltr'>GDE,</span> <span class='ocrx_word' id='word_1_321' title='bbox 596 4157 642 4192; x_wconf 87' lang='lat' dir='ltr'>ccc</span> <span class='ocrx_word' id='word_1_322' title='bbox 654 4157 776 4207; x_wconf 78' lang='lat' dir='ltr'>suprare.</span> <span class='ocrx_word' id='word_1_323' title='bbox 791 4140 847 4207; x_wconf 80' lang='lat' dir='ltr'>tis.</span> <span class='ocrx_word' id='word_1_324' title='bbox 978 4135 1009 4189; x_wconf 86' lang='grc'>13</span> <span class='ocrx_word' id='word_1_325' title='bbox 1023 4133 1136 4185; x_wconf 83' lang='lat' dir='ltr'>Britani-</span> 
     </span>
     <span class='ocr_line' id='line_1_36' title="bbox 67 4212 1140 4286; baseline -0.007 -17"><span class='ocrx_word' id='word_1_326' title='bbox 67 4216 101 4269; x_wconf 89' lang='lat' dir='ltr'>tt.</span> <span class='ocrx_word' id='word_1_327' title='bbox 209 4227 312 4286; x_wconf 74' lang='lat' dir='ltr'>presto,</span> <span class='ocrx_word' id='word_1_328' title='bbox 326 4221 376 4272; x_wconf 76' lang='lat' dir='ltr'>sed</span> <span class='ocrx_word' id='word_1_329' title='bbox 387 4237 400 4272; x_wconf 85' lang='lat' dir='ltr'>s</span> <span class='ocrx_word' id='word_1_330' title='bbox 412 4222 447 4272; x_wconf 85' lang='lat' dir='ltr'>ab</span> <span class='ocrx_word' id='word_1_331' title='bbox 460 4221 520 4272; x_wconf 86' lang='lat' dir='ltr'>ead.</span> <span class='ocrx_word' id='word_1_332' title='bbox 534 4237 571 4271; x_wconf 85' lang='lat' dir='ltr'>m.</span> <span class='ocrx_word' id='word_1_333' title='bbox 585 4235 669 4285; x_wconf 69' lang='lat' dir='ltr'>repro</span> <span class='ocrx_word' id='word_1_334' title='bbox 682 4223 804 4286; x_wconf 76' lang='lat' dir='ltr'>ascripto</span> <span class='ocrx_word' id='word_1_335' title='bbox 811 4257 820 4284; x_wconf 92' lang='lat'>,</span> <span class='ocrx_word' id='word_1_336' title='bbox 833 4219 867 4269; x_wconf 87' lang='lat' dir='ltr'>B.</span> <span class='ocrx_word' id='word_1_337' title='bbox 980 4214 1012 4266; x_wconf 83' lang='lat' dir='ltr'>ld</span> <span class='ocrx_word' id='word_1_338' title='bbox 1024 4228 1083 4264; x_wconf 81' lang='lat' dir='ltr'>sese</span> <span class='ocrx_word' id='word_1_339' title='bbox 1096 4212 1140 4263; x_wconf 86' lang='lat' dir='ltr'>de·</span> 
     </span>
     <span class='ocr_line' id='line_1_37' title="bbox 67 4290 1139 4363; baseline -0.006 -18"><span class='ocrx_word' id='word_1_340' title='bbox 67 4300 102 4345; x_wconf 80' lang='lat' dir='ltr'>tet</span> <span class='ocrx_word' id='word_1_341' title='bbox 111 4308 150 4346; x_wconf 72' lang='grc' dir='ltr'>ιι.</span> <span class='ocrx_word' id='word_1_342' title='bbox 162 4310 208 4361; x_wconf 76' lang='lat' dir='ltr'>pr.</span> <span class='ocrx_word' id='word_1_343' title='bbox 221 4297 255 4348; x_wconf 88' lang='lat' dir='ltr'>B.</span> <span class='ocrx_word' id='word_1_344' title='bbox 414 4296 446 4350; x_wconf 87' lang='lat' dir='ltr'>tt</span> <span class='ocrx_word' id='word_1_345' title='bbox 459 4314 508 4349; x_wconf 84' lang='lat' dir='ltr'>sex</span> <span class='ocrx_word' id='word_1_346' title='bbox 520 4298 597 4361; x_wconf 78' lang='lat' dir='ltr'>AtB)</span> <span class='ocrx_word' id='word_1_347' title='bbox 606 4299 643 4361; x_wconf 83' lang='grc' dir='ltr'>Ε,</span> <span class='ocrx_word' id='word_1_348' title='bbox 657 4312 685 4347; x_wconf 81' lang='lat' dir='ltr'>vr</span> <span class='ocrx_word' id='word_1_349' title='bbox 696 4298 756 4363; x_wconf 79' lang='lat' dir='ltr'>(s).</span> <span class='ocrx_word' id='word_1_350' title='bbox 923 4290 1092 4344; x_wconf 74' lang='lat' dir='ltr'>t8‘ounilium</span> <span class='ocrx_word' id='word_1_351' title='bbox 1105 4290 1139 4340; x_wconf 92' lang='lat' dir='ltr'>A.</span> 
     </span>
     <span class='ocr_line' id='line_1_38' title="bbox 121 4365 1135 4441; baseline -0.007 -19"><span class='ocrx_word' id='word_1_352' title='bbox 121 4371 239 4440; x_wconf 73' lang='lat' dir='ltr'>inpetum</span> <span class='ocrx_word' id='word_1_353' title='bbox 252 4374 285 4424; x_wconf 89' lang='lat' dir='ltr'>B.</span> <span class='ocrx_word' id='word_1_354' title='bbox 444 4373 475 4428; x_wconf 71' lang='lat' dir='ltr'>ts</span> <span class='ocrx_word' id='word_1_355' title='bbox 488 4381 610 4441; x_wconf 83' lang='lat' dir='ltr'>quattuor</span> <span class='ocrx_word' id='word_1_356' title='bbox 621 4375 696 4439; x_wconf 84' lang='lat' dir='ltr'>AB,</span> <span class='ocrx_word' id='word_1_357' title='bbox 710 4380 822 4440; x_wconf 82' lang='lat' dir='ltr'>quatuor</span> <span class='ocrx_word' id='word_1_358' title='bbox 832 4372 869 4435; x_wconf 75' lang='lat' dir='ltr'>ll,-</span> <span class='ocrx_word' id='word_1_359' title='bbox 882 4386 921 4422; x_wconf 84' lang='lat' dir='ltr'>run</span> <span class='ocrx_word' id='word_1_360' title='bbox 933 4381 1057 4433; x_wconf 66' lang='lat' dir='ltr'>soprato.</span> <span class='ocrx_word' id='word_1_361' title='bbox 1072 4365 1135 4431; x_wconf 74' lang='lat' dir='ltr'>ors.</span> 
     </span>
     <span class='ocr_line' id='line_1_39' title="bbox 120 4443 1137 4526; baseline -0.011 -23"><span class='ocrx_word' id='word_1_362' title='bbox 120 4450 156 4503; x_wconf 79' lang='lat'>2⁰</span> <span class='ocrx_word' id='word_1_363' title='bbox 168 4450 306 4517; x_wconf 73' lang='lat' dir='ltr'>conplures</span> <span class='ocrx_word' id='word_1_364' title='bbox 319 4452 353 4502; x_wconf 86' lang='lat' dir='ltr'>tt.</span> <span class='ocrx_word' id='word_1_365' title='bbox 528 4451 568 4502; x_wconf 86' lang='lat' dir='ltr'>bis</span> <span class='ocrx_word' id='word_1_366' title='bbox 581 4454 607 4503; x_wconf 95' lang='lat' dir='ltr'><em>A</em></span> <span class='ocrx_word' id='word_1_367' title='bbox 610 4452 671 4517; x_wconf 84' lang='lat' dir='ltr'>set</span> <span class='ocrx_word' id='word_1_368' title='bbox 681 4466 736 4502; x_wconf 79' lang='lat' dir='ltr'>ese.</span> <span class='ocrx_word' id='word_1_369' title='bbox 750 4466 786 4501; x_wconf 89' lang='lat' dir='ltr'>m.</span> <span class='ocrx_word' id='word_1_370' title='bbox 800 4450 840 4512; x_wconf 89' lang='lat' dir='ltr'>B,</span> <span class='ocrx_word' id='word_1_371' title='bbox 854 4448 877 4499; x_wconf 84' lang='lat' dir='ltr'>ia</span> <span class='ocrx_word' id='word_1_372' title='bbox 889 4448 927 4509; x_wconf 86' lang='lat' dir='ltr'>B,</span> <span class='ocrx_word' id='word_1_373' title='bbox 949 4444 1001 4495; x_wconf 88' lang='lat' dir='ltr'>biis</span> <span class='ocrx_word' id='word_1_374' title='bbox 1013 4443 1052 4505; x_wconf 79' lang='lat' dir='ltr'>tt,·</span> <span class='ocrx_word' id='word_1_375' title='bbox 1065 4443 1098 4493; x_wconf 89' lang='lat' dir='ltr'>iis</span> <span class='ocrx_word' id='word_1_376' title='bbox 1110 4456 1137 4526; x_wconf 62' lang='lat' dir='ltr'>tf.</span> 
     </span>
     <span class='ocr_line' id='line_1_40' title="bbox 120 4514 1137 4598; baseline -0.003 -18"><span class='ocrx_word' id='word_1_377' title='bbox 120 4526 153 4580; x_wconf 80' lang='lat' dir='ltr'>tt</span> <span class='ocrx_word' id='word_1_378' title='bbox 168 4527 194 4577; x_wconf 89' lang='lat' dir='ltr'>iu</span> <span class='ocrx_word' id='word_1_379' title='bbox 207 4535 349 4598; x_wconf 80' lang='lat' dir='ltr'>conspectu</span> <span class='ocrx_word' id='word_1_380' title='bbox 361 4529 396 4581; x_wconf 91' lang='lat' dir='ltr'>A.</span> <span class='ocrx_word' id='word_1_381' title='bbox 514 4528 548 4583; x_wconf 78' lang='lat' dir='ltr'>tt</span> <span class='ocrx_word' id='word_1_382' title='bbox 561 4526 649 4579; x_wconf 83' lang='lat' dir='ltr'>Titum</span> <span class='ocrx_word' id='word_1_383' title='bbox 661 4528 702 4592; x_wconf 87' lang='lat' dir='ltr'>B,</span> <span class='ocrx_word' id='word_1_384' title='bbox 715 4525 748 4578; x_wconf 88' lang='grc' dir='ltr'>Τ.</span> <span class='ocrx_word' id='word_1_385' title='bbox 762 4542 791 4577; x_wconf 88' lang='lat' dir='ltr'>u.</span> <span class='ocrx_word' id='word_1_386' title='bbox 915 4524 950 4579; x_wconf 81' lang='lat' dir='ltr'>tt</span> <span class='ocrx_word' id='word_1_387' title='bbox 962 4521 994 4572; x_wconf 83' lang='lat' dir='ltr'>iit</span> <span class='ocrx_word' id='word_1_388' title='bbox 1008 4514 1101 4583; x_wconf 61' lang='grc' dir='ltr'>(Μ,</span> <span class='ocrx_word' id='word_1_389' title='bbox 1113 4526 1137 4562; x_wconf 83' lang='lat'>¹⁸</span> 
     </span>
     <span class='ocr_line' id='line_1_41' title="bbox 71 4597 1032 4673; baseline -0.01 -16"><span class='ocrx_word' id='word_1_390' title='bbox 71 4602 165 4669; x_wconf 77' lang='lat' dir='ltr'>ttnA,·</span> <span class='ocrx_word' id='word_1_391' title='bbox 179 4620 231 4658; x_wconf 83' lang='lat' dir='ltr'>oen.</span> <span class='ocrx_word' id='word_1_392' title='bbox 245 4607 295 4673; x_wconf 88' lang='lat' dir='ltr'>bs.</span> <span class='ocrx_word' id='word_1_393' title='bbox 453 4607 571 4660; x_wconf 76' lang='lat' dir='ltr'>llriteuie</span> <span class='ocrx_word' id='word_1_394' title='bbox 583 4607 616 4660; x_wconf 87' lang='lat' dir='ltr'>B.</span> <span class='ocrx_word' id='word_1_395' title='bbox 773 4597 1032 4660; x_wconf 65' lang='lat' dir='ltr'>tentatationes.</span> 
     </span>
     <span class='ocr_line' id='line_1_42' title="bbox 67 4686 156 4752; baseline 0 -17"><span class='ocrx_word' id='word_1_396' title='bbox 67 4686 156 4752; x_wconf 76' lang='lat' dir='ltr'>udins.</span> 
     </span>
    </p>
   </div>
   <div class='ocr_carea' id='block_1_5' title="bbox 0 0 1328 5124">
    <p class='ocr_par' dir='ltr' id='par_1_7' title="bbox 0 0 1328 5124">
     <span class='ocr_line' id='line_1_43' title="bbox 0 0 1328 5124; baseline 0 0"><span class='ocrx_word' id='word_1_397' title='bbox 0 0 1328 5124; x_wconf 95' lang='lat' dir='ltr'> </span> 
     </span>
    </p>
   </div>
  </div>
 </body>
</html>
