2646 5124
487 572 788 646 -81-

86 748 175 818 (lton
199 752 345 836 seriptum
369 760 437 815 est:
463 747 613 816 ‘Tertium
635 755 694 817 iam
716 754 795 817 buno
818 774 929 819 aunum
950 769 1129 841 regnantem
1145 762 1205 825 ini·

81 856 138 921 aiei
160 854 260 939 palam
280 854 384 917 multis
409 872 452 916 ex
473 854 597 918 oiuitate
611 857 782 921 auctoribus
797 857 1037 936 iuterfecerunt',
1064 860 1202 946 idemque

78 955 203 1021 ialaeid.
221 977 286 1040 pr.,
301 955 363 1020 nisi
375 957 455 1039 quod
469 956 598 1020 alterurn
616 958 696 1021 ‘iam’
712 969 865 1022 sementum
881 960 1015 1039 uidetur3
1041 966 1133 1026 uerba
1157 973 1203 1031 ‘et

76 1058 117 1125 iit’
136 1072 169 1125 et
194 1059 288 1124 ‘eum'
311 1059 403 1122 etiarn
425 1059 456 1121 in
483 1054 566 1122 Sral.
585 1059 696 1123 omissa
711 1072 792 1123 surut.
835 1059 924 1142 Quod
943 1074 1041 1126 aretem
1066 1064 1201 1131 llebain·

77 1164 144 1227 trias
159 1164 290 1245 primum
308 1158 481 1225 Parisinum
498 1161 672 1244 pronomine
696 1164 786 1226 ‘eum'
810 1183 916 1226 oarere
931 1164 986 1239 ait,
1002 1184 1044 1229 ex
1058 1186 1125 1230 mea
1140 1169 1202 1233 eol·

76 1266 181 1331 btione
195 1286 267 1329 eum
282 1264 447 1327 seeundum
462 1263 615 1348 appellare
629 1263 771 1329 debuisse
787 1277 900 1328 eertum
917 1278 974 1330 est.

152 1364 253 1431 Paulo
276 1377 364 1452 post,
388 1366 418 1449 5.
442 1365 474 1444 b,
500 1366 533 1429 iu
555 1366 692 1431 omnibus
717 1367 804 1429 eodd.
828 1369 1042 1453 scriptumest
1065 1368 1201 1437 ‘luterim

76 1470 108 1535 ab
125 1471 270 1535 omuibus
292 1468 403 1552 legatis
424 1469 713 1551 quaestoribusque,
738 1469 844 1552 quibus
865 1470 1001 1554 legiones
1023 1474 1201 1552 tradiderat,

77 1574 181 1639 artior
202 1574 306 1637 laetus
332 1571 432 1635 estin
454 1570 579 1634 biberna
598 1579 776 1655 peruentum
799 1570 956 1655 locumque
979 1574 1114 1640 bibernis
1136 1597 1205 1641 esse

76 1674 238 1741 mnium’.
265 1671 325 1737 llio
340 1694 410 1737 oum
424 1674 455 1736 id
470 1674 636 1755 quaeritur,
660 1673 802 1756 pluresue
818 1669 936 1739 Caesar
950 1687 1127 1759 quaestores
1143 1699 1204 1741 uuo

78 1786 202 1862 empore
218 1776 376 1853 babuerit,
400 1776 465 1838 lieri
480 1785 591 1859 potest,
614 1786 666 1848 ut,
690 1795 755 1838 eum
772 1786 833 1839 tres
848 1777 1020 1860 prouincias
1036 1779 1202 1857 obtineret,

78 1879 138 1945 lem
152 1890 216 1945 tres
233 1888 416 1961 quaestores
440 1877 470 1941 ei
492 1878 603 1941 luerint
617 1877 765 1956 attributi,
797 1880 1041 1961 quemadmodum
1065 1881 1096 1944 in
1121 1878 1202 1945 Siei-

79 1982 122 2061 ta,
136 2004 205 2047 eam
220 1982 255 2045 in
270 1981 348 2044 duas
365 1981 536 2064 prouincias
552 1980 648 2044 diuisa
663 1992 756 2058 esset,
783 1982 918 2063 quamuis
932 1982 970 2045 ab
986 2004 1046 2047 uno
1062 1993 1202 2066 praetore

80 2084 281 2161 obtineretur,
307 2084 385 2147 duos
399 2093 577 2167 quaestores
592 2083 686 2147 luisse
701 2104 742 2147 ex
758 2078 824 2145 Cie.
841 2084 873 2147 iu
889 2082 983 2149 Verr.
1001 2082 1042 2161 11,
1065 2085 1097 2161 l,
1119 2084 1154 2147 ll
1173 2094 1204 2149 et

81 2183 117 2251 l2
128 2188 277 2251 uidemus.
302 2182 364 2251 Sed
380 2186 408 2249 si
423 2185 560 2269 singulae
576 2185 748 2269 prouiuoiae
764 2205 848 2249 suum
864 2206 1000 2269 quaeque
1014 2197 1203 2269 quaestorem

82 2286 259 2365 babuerunt,
272 2288 307 2351 iu
321 2285 421 2352 Gallia
436 2287 579 2351 ulteriore
595 2289 631 2351 ad
647 2288 814 2351 exereitum
831 2308 908 2351 unus
924 2298 1079 2369 quaestor,
1096 2289 1204 2371 reliqui

83 2390 187 2455 innuis
200 2390 366 2474 prouinciis
382 2390 477 2453 luisse
491 2389 586 2453 uideri
603 2390 722 2453 debent.
747 2387 851 2473 ltaque
868 2389 944 2474 apud
955 2384 1117 2453 Caesarem
1133 2410 1205 2452 nus·

85 2512 159 2576 quam
180 2492 241 2557 nisi
264 2493 322 2556 boe
343 2492 410 2557 loeo
426 2503 457 2557 et
471 2492 559 2556 buius
574 2492 642 2555 libri
656 2514 686 2556 o.
704 2492 757 2571 53,
773 2492 795 2557 6
809 2494 911 2577 plures
926 2500 1104 2574 quaestores
1125 2511 1206 2553 oom-

85 2605 293 2659 nemorautur.
336 2594 438 2678 Atque
461 2593 510 2657 bio
532 2594 562 2656 id
582 2596 683 2658 laoere
706 2590 820 2657 Caesar
839 2595 888 2659 nel
904 2595 974 2658 ideo
998 2613 1059 2656 uon
1074 2603 1204 2676 poterat,

86 2696 149 2779 qaod
163 2698 264 2781 eapite
285 2697 457 2780 supesiore,
481 2695 545 2775 ubi,
569 2697 674 2779 quibus
696 2696 831 2782 legiones
856 2697 886 2761 iu
911 2697 1038 2760 hiberna
1057 2695 1206 2759 dueendas

86 2796 218 2875 ledisset,
244 2799 399 2883 exposuit,
417 2820 507 2863 uuum
523 2808 635 2862 tautum
652 2810 852 2882 quaestorem,
871 2796 917 2861 Μ.
936 2793 1093 2875 Crassum,
1111 2797 1207 2863 nomi·

86 2913 212 2967 meret.
236 2900 324 2966 Nam
339 2901 474 2985 quodibi
490 2903 517 2984 ξ.
533 2900 599 2965 tin
614 2901 700 2965 oodd.
725 2904 867 2986 seriptum
890 2913 938 2967 est
961 2902 1020 2966 ‘his
1040 2898 1088 2965 bl.
1112 2895 1207 2965 Cras·

85 3020 140 3067 tan
153 3002 310 3086 Quintum
326 3014 360 3068 et
373 3002 413 3067 1..
430 3002 600 3069 Munatium
615 3001 758 3069 Planoum
780 3016 810 3068 et
826 3000 865 3068 C.
889 3004 1075 3069 Trebonium
1091 3005 1207 3087 legatos

84 3106 246 3189 pruleeit',
276 3118 395 3172 eertum
417 3117 465 3173 est
490 3104 658 3188 ‘Quintum’
682 3126 723 3169 ex
747 3107 934 3190 compendio,
957 3128 1016 3189 quo
1040 3103 1206 3188 ‘quaestor'

83 3208 253 3283 rotabatur,
271 3219 370 3273 ortum
383 3230 462 3274 esse.
487 3210 584 3275 lieete
599 3209 691 3293 igitur
706 3204 889 3271 Ciaooonius
904 3230 957 3292 pro
975 3203 1207 3294 ‘quaestoribus'

83 3312 248 3393 meadum
266 3310 345 3375 dixit
362 3310 556 3398 ‘quaestore',
580 3310 658 3393 quod
680 3329 714 3373 se
735 3310 768 3371 iu
791 3309 907 3372 duobus
923 3311 1008 3372 eodd.
1028 3308 1130 3370 neseio
1145 3306 1210 3387 qui·

82 3410 136 3475 bas
148 3412 312 3477 inuenisse
326 3414 380 3477 ait.
417 3413 548 3479 Pluralis
571 3432 715 3478 uumerus
731 3411 780 3475 lrie
795 3411 827 3474 in
843 3409 980 3472 omnibus
1003 3410 1089 3473 eodd.
1106 3408 1209 3473 eodem

81 3536 186 3581 errore
204 3526 294 3579 ortus
314 3527 380 3595 est,
409 3540 467 3600 quo
499 3514 556 3595 tv,
589 3514 644 3591 22,
677 3514 697 3579 3
722 3514 753 3578 iu
776 3512 965 3596 interpolatis
994 3512 1135 3595 scripturn
1162 3522 1210 3574 est

85 3620 330 3705 ‘quaestoribus,
354 3620 460 3704 legatis
476 3615 716 3703 praefectisque',
739 3636 808 3679 oum
823 3615 1031 3679 adiunctornm
1047 3614 1207 3679 uerborum

83 3744 223 3789 uumerus
244 3723 413 3808 compendii
434 3724 510 3787 male
525 3720 693 3805 explicandi
709 3740 830 3783 eausam
850 3719 1018 3803 praeberet.
1057 3714 1211 3800 Quamob-

82 3846 142 3893 rem
165 3847 208 3891 ne
230 3827 330 3901 altero
355 3825 474 3908 quidem
495 3825 581 3902 loeo,
604 3823 665 3887 bui.
686 3823 739 3886 lib.
764 3820 818 3895 53,
838 3820 871 3898 6,
895 3821 1115 3895 dubitabimus,
1139 3816 1210 3900 quia

83 3930 168 3995 codd.
184 3931 337 4012 scriptura
353 3928 402 3991 ‘ab
417 3926 458 3991 L.
475 3927 588 3992 Roscio
604 3935 782 4010 quaestore,
807 3946 893 4007 quern
909 3925 1019 4010 legioni
1036 3923 1146 3986 tertiae
1159 3920 1212 3983 de-

84 4034 179 4097 cimae
194 4032 402 4116 praefecerat,
429 4032 542 4094 eertior
564 4031 659 4094 laetus
675 4027 731 4093 est'
755 4036 827 4090 oett.
846 4046 886 4090 ex
901 4024 1075 4109 oompeudio
1090 4019 1213 4087 relatiui

83 4154 136 4219 per
164 4153 304 4197 errorem
331 4133 459 4217 repetito
486 4144 558 4196 nata
586 4133 645 4210 sit,
675 4139 818 4213 reeteque
846 4125 1077 4212 Oudendorpius
1109 4142 1214 4189 uooem

87 4233 275 4321 ‘quaestore’
297 4234 450 4299 delendam
465 4234 654 4298 indicauerit.
678 4229 725 4295 Μ.
744 4226 876 4295 Crassus
893 4230 985 4308 euim,
1003 4240 1036 4293 ut
1051 4227 1137 4289 modo
1152 4245 1215 4287 mo·

86 4339 158 4417 ani,
183 4338 243 4401 boo
259 4358 340 4401 auno
362 4347 504 4420 quaestor
519 4334 660 4401 Caesaris
675 4346 760 4412 erat,
784 4333 834 4417 qui
851 4333 939 4397 etiam
957 4354 985 4395 o.
1003 4328 1058 4409 lli,
1077 4330 1093 4391 l
1111 4338 1143 4389 et
1157 4320 1215 4395 Vl,

85 4438 119 4519 6,
138 4440 155 4504 l
172 4449 439 4505 commemoratur.

172 4540 216 4607 C.
232 4541 277 4607 43
299 4542 446 4606 aeerrirna
467 4542 648 4628 oppugnatio
669 4540 861 4603 hibernorum
877 4535 918 4618 Q.
936 4532 1098 4599 Ciceronis
1114 4544 1220 4589 narra·

87 4656 159 4723 ter,
182 4666 252 4710 eum
267 4642 348 4709 Galli
364 4644 484 4733 ignibus
499 4641 645 4709 eouieetis
667 4661 755 4707 oasas
769 4638 975 4705 Romanorum
998 4624 1223 4699 straureutieias

115 4748 213 4801 Caesar,
227 4747 263 4793 ael.
279 4746 388 4806 Nipperd.
990 4736 1012 4799 6
