2646 5124
438 590 579 661 conat.
597 594 613 661 1
635 594 731 663 CAP.
746 596 898 667 21-25.
1232 600 1297 668 269

122 782 241 837 omn·
254 768 358 833 metiri
373 776 543 851 oporteret,
561 780 593 833 et
608 771 685 852 quod
702 792 720 834 a
734 768 896 846 Bibracte,
920 769 1025 851 oppidu
1041 766 1237 834 Haeduorum

126 872 201 961 lorge
215 870 347 939 maxime
363 881 395 933 et
410 869 630 953 copiosissimo,
648 894 708 936 non
725 874 849 957 amplius
864 872 980 937 milibus
996 892 1134 957 passuum
1150 882 1237 937 xvttl

68 979 73 1020 ἱ·
132 976 235 1054 alent,
256 976 302 1039 rei
320 974 538 1037 frumentariae
554 974 791 1058 prospiciendum
808 975 1009 1039 existimauit:
1035 977 1093 1039 iter
1108 976 1145 1037 ab
1162 974 1235 1040 llel·

135 1080 203 1143 uetiis
217 1078 327 1143 auertit
354 1098 390 1140 ac
418 1074 557 1139 Bibracte
572 1076 617 1139 ire
633 1079 798 1140 contendit.
836 1077 882 1140 lla
899 1098 949 1139 res
965 1098 1019 1161 per
1035 1078 1176 1161 fugitiuus
1191 1077 1231 1142 L.
1250 1078 1272 1141 2

69 1177 72 1183 ’
105 1180 252 1255 alentii,
277 1180 451 1243 decurionis
466 1178 598 1260 equitum
614 1176 789 1257 Gallorum,
814 1180 948 1243 hostibus
965 1180 1131 1243 nuntiatur.
1164 1180 1271 1245 tter-3

139 1282 203 1359 retii,
217 1302 268 1347 seu
283 1280 362 1363 quod
379 1282 489 1343 timore
505 1280 682 1363 perterritos
697 1280 851 1345 Romanos
867 1282 1021 1345 discedere
1038 1302 1055 1343 a
1075 1303 1110 1345 se
1130 1284 1236 1345 existi·

138 1396 239 1463 eareat,
255 1406 292 1449 eo
303 1384 414 1467 magis,
433 1384 511 1465 qnod
520 1383 614 1467 pridie
630 1386 836 1467 superioribus
852 1384 926 1447 locis
935 1384 1087 1465 occupatis
1097 1384 1239 1467 praelium

137 1504 178 1549 nn
190 1487 426 1561 commisissent,
450 1486 515 1549 sine
530 1506 587 1560 eu,
611 1486 688 1568 quod
707 1507 741 1549 re
762 1486 960 1549 lenimentaria
975 1485 1133 1548 intercludi
1150 1507 1238 1569 posse

135 1588 311 1667 ooniderent,
336 1598 522 1651 commutato
542 1589 668 1652 consilio
690 1599 780 1671 atque
796 1590 905 1651 itinere
921 1608 1069 1651 conuerso
1085 1598 1239 1651 nostrosa

83 1684 123 1747 dd
136 1690 279 1753 nouissimo
299 1689 421 1775 agmine
448 1690 562 1773 insequi
584 1714 619 1753 ac
642 1692 793 1755 lacessere
815 1699 989 1773 coeperunt.
1029 1685 1192 1771 Postquam
1207 1690 1236 1753 id
1250 1690 1296 1759 24

134 1792 247 1857 animum
261 1792 411 1868 aduertit,
436 1794 538 1875 copias
553 1814 624 1856 suas
640 1788 756 1856 Caesar
771 1795 801 1856 in
819 1792 986 1876 proximum
1002 1791 1107 1855 collem
1127 1792 1239 1855 subdu·

132 1894 164 1957 eit
176 1896 402 1979 equitatumque,
419 1894 470 1977 qui
486 1896 651 1959 sustineret
667 1896 796 1960 hostium
812 1896 965 1978 impetum,
983 1894 1074 1957 misit.
1108 1891 1175 1976 lpse
1190 1892 1273 1958 irc-2

128 1998 200 2061 trin
214 2000 245 2061 in
260 1997 339 2061 colle
354 1996 453 2060 medio
469 1998 613 2081 triplicem
635 2000 730 2061 aciem
755 1998 901 2061 iustruxit
923 1997 1070 2081 legionum
1094 2005 1235 2078 quattuor

127 2112 327 2165 teteranaruni
343 2099 423 2183 [ita,
442 2100 485 2163 uti
502 2102 634 2185 supra];
657 2102 709 2165 scd
733 2102 763 2164 in
779 2121 894 2161 summo
909 2100 980 2182 iugo
995 2100 1069 2161 duas
1085 2098 1231 2181 legiones,

74 2200 109 2261 ¹⁵
122 2224 189 2285 quas
203 2204 237 2265 in
252 2200 354 2267 Gallia
367 2200 507 2265 citeriore
523 2204 661 2286 proxime
683 2202 922 2285 conscripserat,
948 2213 978 2263 et
999 2199 1097 2263 omnia
1119 2200 1236 2263 auxilia

121 2302 274 2370 conlocari
289 2324 326 2367 ae
340 2314 429 2367 totum
443 2316 574 2368 montem
591 2305 760 2368 hominibus
777 2303 916 2388 compleri
934 2314 964 2366 ct
974 2302 1090 2364 interea
1098 2302 1234 2363 sarcinas
1249 2297 1269 2361 3

118 2408 146 2472 in
163 2428 256 2472 unum
272 2406 369 2469 locum
384 2408 510 2471 conlerri
526 2418 557 2472 ct
573 2428 640 2471 eum
656 2407 693 2469 ab
710 2406 774 2484 his,
798 2407 894 2489 quiin
910 2404 1068 2487 superiore
1084 2402 1149 2465 acie
1165 2422 1237 2463 con-

119 2512 281 2589 stiterunt,
306 2510 413 2575 muniri
434 2510 535 2575 iussit.
570 2507 701 2573 Heluetii
717 2531 783 2572 oum
801 2508 936 2571 omnibns
951 2507 1015 2569 suis
1031 2504 1128 2569 carris
1141 2502 1238 2567 secuti
1252 2501 1275 2567 4

118 2614 317 2699 inpedimenta
338 2614 370 2679 in
394 2634 483 2677 unum
506 2612 603 2676 locum
626 2612 836 2687 contulerunt,
860 2612 915 2694 ipsi
932 2606 1157 2671 conl'ertissima
1171 2604 1272 2670 aciei

82 2716 224 2781 ”reiecto
240 2728 348 2781 nostro
364 2717 498 2799 equitatu
513 2716 659 2801 phalange
680 2716 759 2778 lacta
781 2714 835 2777 sub
851 2712 975 2797 primam
992 2720 1126 2773 nostram
1144 2708 1239 2771 aciem

119 2830 338 2883 successerunt.
379 2814 497 2883 Caesar
512 2818 636 2903 primum
652 2838 719 2893 sua,
750 2816 856 2880 deinde
873 2814 1002 2877 omniurn
1021 2834 1061 2875 ea
1077 2821 1239 2895 conspeetu
1252 2808 1296 2879 2⁵

119 2924 237 2987 remotis
259 2922 366 3007 equis,
392 2932 426 2986 ut
446 2932 572 3005 aequata
594 2920 723 2983 ominium
748 2917 880 3003 periculo
903 2938 984 3001 spem
1001 2918 1087 3001 lugae
1104 2914 1234 2991 tolleret,

122 3024 289 3089 cohortatus
305 3046 380 3088 suos
397 3024 540 3108 proelium
557 3022 717 3087 commisit.
755 3018 870 3085 Milites
886 3041 903 3083 e
918 3022 984 3083 loeo
999 3018 1156 3103 superiore
1171 3013 1276 3100 pilis2

123 3125 213 3191 missis
228 3128 317 3191 facile
335 3126 465 3191 hostium
481 3126 656 3211 phalangem
672 3128 895 3210 perfregerunt.
927 3120 973 3185 Ea
994 3122 1117 3184 disiecta
1132 3118 1240 3201 gladiis

93 3224 269 3293 ltleatrietis
285 3230 318 3291 in
333 3248 389 3293 eos
403 3228 542 3313 impetum
560 3229 707 3293 lecerunt.
741 3224 838 3288 Gallis
854 3248 961 3309 magno
978 3223 1015 3287 ad
1031 3242 1159 3305 pugnam
1175 3216 1277 3283 eratil

129 3327 348 3413 inpedimento,
373 3332 450 3413 quod
466 3331 599 3415 pluribus
612 3350 715 3393 eornm
739 3329 834 3391 scutis
850 3347 910 3389 uno
924 3327 987 3389 ictu
1003 3324 1128 3407 pilorum
1145 3332 1243 3383 trans·

134 3430 192 3493 iris
214 3441 247 3495 ct
267 3432 444 3515 conligatis,
470 3455 535 3495 curn
553 3436 667 3497 terrum
682 3451 716 3495 se
732 3430 913 3505 irillexisset,
932 3446 1027 3508 nequo
1043 3422 1174 3487 euellere
1191 3439 1243 3483 ne·

139 3550 184 3611 que
203 3534 326 3597 sinistra
344 3536 478 3619 inpedita
501 3534 576 3599 satis
598 3535 753 3598 corninode
774 3551 907 3617 pugnare
929 3536 1087 3613 poterant,
1111 3523 1195 3589 multi
1210 3521 1278 3585 utd

68 3661 77 3715 3
142 3630 179 3695 die
194 3635 304 3700 iactato
323 3635 447 3701 brachie
471 3646 682 3721 praeoptarent
704 3648 822 3700 scutum
847 3655 935 3697 manu
956 3632 1093 3695 emittere
1117 3639 1148 3693 et
1162 3626 1242 3691 nudo

228 3812 303 3871 lae,
323 3809 398 3875 quod
416 3812 551 3861 ‘meliores
568 3808 693 3875 plerique
711 3808 883 3874 agnoscunt,
904 3820 989 3872 cupra
1003 3819 1074 3853 acere.
1088 3818 1142 3853 aee.
1156 3814 1193 3850 m.
1205 3801 1239 3849 B.

150 3876 211 3933 ¹³·tt.
320 3888 489 3939 sanciatur
500 3902 545 3951 pr.
558 3902 595 3936 m.
607 3889 641 3937 e.
761 3888 788 3939 n
804 3887 916 3937 animum
929 3884 1046 3935 aduertit
1057 3882 1135 3943 Ain)
1146 3880 1178 3941 e,
1193 3878 1238 3928 aa·

152 3960 336 4029 ttttitsuprare.
351 3967 419 4015 euim
426 3967 455 4029 s,
475 3966 662 4017 animaduertit
674 3968 728 4017 alic·
828 3966 860 4016 13
874 3971 996 4031 quattuor
1007 3960 1132 4013 ΑΒΗ).

76 4089 79 4098 ,
153 4028 350 4093 ¹lteteranarom
371 4041 524 4105 dnodett.;
548 4048 733 4093 ueteranorum
751 4042 937 4107 Betreli'pni.
955 4039 1039 4089 llil.
1156 4036 1194 4085 ito
1206 4034 1244 4082 uti

75 4134 88 4185 ἢ
154 4122 204 4175 ’'ltt
214 4119 348 4185 ‘auspicor
359 4136 416 4169 esre
426 4118 566 4185 gloeaam'.
582 4118 610 4171 Ρ.
625 4120 665 4171 53.
774 4118 819 4167 sed
833 4119 858 4168 A
866 4120 904 4179 B,
919 4122 947 4167 a'n
960 4131 1013 4181 qno
1026 4116 1042 4163 d
1056 4130 1090 4164 m.
1106 4128 1159 4162 aee.
1174 4109 1243 4168 del,

156 4184 257 4261 clm-
276 4214 306 4249 ae
319 4200 423 4265 ntiqui
426 4198 493 4263 jere
505 4211 606 4247 omnes.
722 4196 753 4245 ld
766 4194 897 4245 conlocari
909 4196 934 4245 A
940 4196 963 4243 B
972 4193 1062 4243 vvll'.
1183 4190 1247 4252 post

154 4272 242 4335 “opteri
259 4292 297 4327 m.
312 4290 366 4323 see.
382 4276 464 4325 uellet
477 4288 600 4339 ricpruae.
614 4271 730 4336 dudetj.
819 4272 852 4323 l8
864 4270 998 4321 consecuti
1013 4270 1038 4318 d.
1130 4264 1161 4316 l‘l
1174 4264 1245 4327 inpe-

155 4336 236 4401 linem
246 4354 311 4406 Ac.
455 4352 489 4403 20
508 4358 597 4402 nostro
615 4348 747 4417 equitatu]
767 4357 856 4401 nostro
877 4350 966 4417 equitu
979 4348 1005 4397 A
1016 4362 1054 4397 m.
1064 4360 1126 4411 pm,
1149 4344 1174 4391 ‘a
1188 4358 1245 4392 nos.

155 4428 241 4481 ”ttrite
255 4432 290 4482 d'.
414 4432 449 4483 tl
469 4445 500 4481 ea
519 4430 631 4481 disiecto
651 4456 685 4467 -
705 4428 826 4481 fecerant
844 4444 896 4479 om.
909 4428 942 4478 ld.
1063 4426 1097 4475 25
1114 4420 1248 4473 destrictis

155 4494 317 4567 dldlcssde.
437 4515 513 4558 erant
524 4512 589 4558 uate
601 4520 673 4557 corr.
686 4508 720 4556 B.
835 4504 1073 4569 2deorumom.s.
1179 4508 1251 4549 tran·

156 4568 335 4653 lucaman.
451 4584 768 4650 arconinictsanes.
880 4575 1250 4633 tatrtsietAncneoe,

156 4650 287 4727 utxtnecs
296 4677 369 4713 corr.
491 4662 525 4714 28
537 4660 655 4727 inpedita
667 4662 693 4710 A
704 4660 733 4711 0.
855 4658 889 4712 29
902 4666 979 4710 scuta
990 4672 1005 4705 e
1017 4668 1094 4705 manu
1105 4652 1141 4703 A.
