2646 5124
420 117 558 187 CObill.
575 119 621 184 tlt
637 118 730 186 CAP.
749 120 899 186 ‘tou-tt).
1224 124 1286 189 3⁶27

105 303 176 375 brat,
194 306 313 370 tamen,
338 294 414 374 quod
430 295 511 355 ornni
529 293 627 356 Gallia
645 305 747 378 pacata
764 291 877 356 Morini
895 294 1086 380 Menapiique
1102 316 1226 378 supere-

106 410 187 473 rant,
211 397 263 482 qui
285 397 318 459 in
341 396 434 459 armis
449 406 552 459 essent
567 418 665 479 usque
681 397 716 458 ad
733 417 799 459 eum
817 418 954 480 uunquam
970 397 1085 481 legatos
1100 399 1137 461 de
1153 420 1226 482 pace

107 502 267 579 uicissent,
284 497 449 562 arbitratus
464 498 492 561 id
509 497 617 563 belluna
628 499 769 563 celeriter
783 500 889 563 confici
905 522 992 583 posse
1007 522 1044 563 eo
1058 502 1225 565 exercitum

107 602 245 679 dduxite
263 600 314 685 qui
330 600 421 685 longe
435 600 493 665 elis
507 601 626 665 ratione
642 623 678 665 ac
692 601 799 685 reliqui
811 598 892 665 Galli
908 601 1017 667 bellurn
1032 622 1141 687 gerere
1156 624 1226 667 coe·

80 710 219 791 tperunt
255 702 338 769 Nam
353 702 431 787 qnod
447 702 661 787 intellegebant
676 706 824 767 maximas
840 704 998 783 nationes,
1024 724 1099 788 quac
1114 705 1228 788 proelio
1241 704 1265 768 2

106 806 351 884 contendissent,
374 806 476 890 pulses
499 817 715 891 superatosque
738 828 806 871 esse
822 808 1071 890 continentesque
1086 807 1179 871 siluas
1193 828 1229 871 ue

105 910 224 997 paludes
239 908 412 987 habebant,
436 930 473 973 co
494 930 528 973 se
543 930 657 994 suaque
672 910 773 973 omnia
790 911 993 974 contulerunt.
1038 910 1088 973 At
1104 906 1264 993 qucrunrb

103 1014 216 1077 initium
240 1012 387 1075 siluarum
409 1034 475 1075 cunr
492 1008 612 1077 Caesar
633 1014 822 1097 peruenisset
838 1024 996 1096 castraque
1011 1014 1127 1077 munire
1144 1011 1231 1075 insti-
1317 1018 1321 1025 '

104 1116 223 1191 luisset,
241 1134 339 1197 neque
356 1114 451 1179 bostis
466 1115 679 1179 interimuisus
694 1127 788 1194 essct,
806 1116 949 1201 dispersis
965 1116 995 1179 in
1012 1136 1103 1201 opere
1119 1114 1232 1177 nostris

66 1224 89 1279 tt
106 1216 204 1281 subito
218 1236 259 1281 cx
282 1216 423 1280 omnibus
439 1218 573 1301 partibus
588 1218 685 1283 siluae
699 1218 897 1282 cuolauerunt
911 1229 940 1281 et
954 1218 985 1281 in
1001 1229 1123 1281 nostros
1139 1216 1231 1300 inrpc-

108 1330 169 1383 tunr
185 1318 336 1383 lecerunt.
360 1316 468 1382 Nostri
485 1321 626 1385 celeriter
641 1342 725 1384 arms
741 1332 887 1405 ceperunt
901 1342 1011 1403 eosque
1026 1321 1056 1383 in
1074 1320 1167 1383 siluas
1183 1316 1269 1381 rol

106 1422 249 1507 pulerunt
269 1431 302 1485 et
322 1421 516 1506 conpluribus
536 1424 704 1488 interiectis
721 1424 836 1507 longius
853 1422 1077 1507 inpeditioribus
1094 1423 1168 1486 locis
1184 1442 1233 1483 sc·

106 1523 167 1587 cuti
183 1544 299 1609 penem
313 1544 356 1588 ex
368 1526 432 1588 suis
449 1525 689 1609 deperdidcrunt.
728 1526 862 1609 Reliquis
878 1526 1017 1609 deinceps
1033 1526 1136 1589 diebus
1152 1520 1232 1588 Cac-
1246 1522 1290 1591 2⁹

106 1646 159 1690 sar
172 1626 270 1691 siluas
285 1626 412 1691 caedere
427 1628 570 1701 instituit,
591 1639 619 1691 et
638 1650 675 1693 oc
690 1630 757 1711 quis
772 1629 933 1693 inermibus
950 1628 1233 1713 inprudentibusque

66 1736 89 1790 tt
107 1728 260 1791 militibus
283 1728 320 1791 ab
340 1728 435 1793 latere
449 1732 578 1814 impetus
601 1732 666 1795 lieri
690 1743 811 1815 posset,
838 1752 954 1793 omnem
977 1751 1041 1793 earn
1064 1732 1230 1805 materians,

111 1848 193 1913 quae
208 1838 275 1894 crat
290 1850 391 1909 cam,
415 1854 591 1897 conuersam
615 1834 651 1896 ad
668 1834 783 1896 bostem
800 1833 974 1897 conlocabat
990 1844 1020 1895 et
1037 1854 1088 1917 pro
1104 1834 1183 1895 nullo
1199 1832 1235 1894 ad

113 1942 277 2016 utrumque
291 1932 365 1997 latus
379 1936 551 2000 extruebat.
577 1932 749 1999 incredibili
765 1936 1037 2018 celeritatemugno
1053 1934 1150 2019 spatio
1165 1954 1236 2016 pau·
1251 1932 1273 1997 2

111 2034 156 2099 cis
171 2034 281 2099 diebus
296 2037 443 2116 conlecto,
462 2060 527 2102 trum
543 2038 602 2101 iarn
620 2060 710 2122 pecus
727 2050 816 2121 atquc
830 2050 969 2101 extrrnrn
984 2036 1184 2121 inpedimenta
1200 2034 1237 2097 ab

111 2139 226 2203 nostris
243 2150 440 2219 tenerentur,
464 2141 520 2225 ipsi
537 2141 692 2205 densiores
708 2141 799 2205 siluas
822 2152 974 2225 peterent,
1000 2138 1143 2203 eiusmodi
1167 2146 1239 2201 sunt

70 2246 97 2299 lb
113 2250 309 2327 tempestates
325 2254 521 2322 consecutae,
539 2244 580 2308 uti
597 2266 669 2328 opus
680 2243 854 2308 necessario
871 2244 1156 2306 intermittereturct
1168 2262 1239 2303 con·

115 2342 283 2409 duratione
298 2346 438 2411 imbrium
455 2347 566 2412 diutius
589 2346 643 2409 sub
666 2346 790 2431 pellibus
805 2346 914 2409 milites
931 2344 1078 2409 contineri
1095 2366 1155 2409 non
1171 2365 1239 2428 pos-

114 2457 192 2511 sent.
225 2444 335 2533 ltaque
350 2450 476 2515 uastatis
492 2451 629 2514 omnibus
647 2472 750 2514 eorum
768 2449 867 2532 agris,
885 2448 960 2512 uicis
976 2448 1177 2533 aedificiisque
1193 2448 1239 2511 in·
1254 2442 1275 2509 3

115 2546 1099 2637 censisCaessrexcrcitunrreduxitetinAulereisLexouiisque‚
1116 2550 1241 2634 reliquis

116 2651 1241 2743 itemciuitatibus,qoacproxrurcbellunilecerant,inbibernisconlocauit.
1298 2732 1302 2740 Ι

227 2791 239 2843 l
254 2790 410 2861 blenopique
421 2796 462 2862 A,
477 2795 590 2863 blenupii
604 2797 635 2848 E.
752 2793 879 2860 tessent]
894 2800 970 2843 erunt
984 2792 1017 2841 A.
1139 2789 1172 2837 ad
1186 2801 1245 2837 eum

119 2874 382 2939 psetpeceponr'ts.
488 2890 607 2941 unrtpuntn
621 2876 741 2942 Asos.
849 2871 1070 2923 dmississentB.
1186 2880 1245 2916 cue·

123 2944 214 2999 leuiter
226 2950 320 3001 eoudci
333 2950 371 3015 B,
386 2954 478 3003 eonttcl
492 2955 617 3006 celeriter
620 2955 652 3021 f.
770 2954 787 3005 4
801 2950 905 3002 adducit
921 2964 979 2997 crim
994 2964 1010 2998 x
1023 2959 1131 3013 supere
1146 2944 1184 3008 C,
1200 2943 1246 2993 du·

124 3023 197 3088 liis·
317 3031 423 3082 natione
435 3048 472 3082 m.
484 3046 529 3097 pr.
544 3034 577 3083 Β.
716 3032 812 3083 bellum
827 3044 905 3093 cgere
920 3027 1090 3078 instituerunt
1101 3024 1247 3090 abcessi

124 3102 396 3171 secundundum,
418 3111 445 3157 in
466 3125 518 3174 quo
538 3111 655 3176 exempl.
677 3110 760 3161 Fata.
775 3108 872 3159 bellum
893 3121 985 3171 gerere
1007 3104 1177 3156 instituerunt
1191 3101 1248 3167 legi

125 3180 217 3245 ΝΜ.
323 3187 339 3236 5
353 3200 411 3236 nuuc
424 3202 477 3236 orn.
492 3189 591 3254 beris.
694 3190 709 3239 b
722 3189 887 3239 continentes
901 3184 982 3236 siluus
996 3185 1022 3235 b.
1145 3181 1160 3233 7
1174 3181 1247 3248 palu-

128 3253 167 3307 des
178 3273 247 3325 ques
259 3260 392 3313 babebeut
405 3264 503 3330 bedf.
607 3264 625 3314 8
638 3264 738 3316 Caesar
750 3280 806 3315 cunr
821 3262 985 3331 peruenisset
996 3261 1044 3327 ef.
1132 3259 1164 3312 ill
1177 3260 1246 3310 silua

129 3338 298 3391 cubuerant
308 3356 345 3391 nr.
355 3356 402 3407 pr.
415 3341 448 3392 Β.
556 3343 587 3395 11
602 3343 696 3409 nostri]
712 3344 775 3394 nibil
788 3359 824 3392 m.
837 3358 881 3407 pr.
895 3341 929 3393 Β.
1057 3345 1201 3405 coeperunt
1214 3337 1246 3388 tt.

229 3417 301 3468 eitra
314 3420 354 3482 A,
368 3420 463 3469 situum
475 3420 525 3486 ef.
646 3420 814 3487 reppulerunt
825 3421 859 3470 B.
985 3418 1017 3469 12
1032 3417 1201 3483 conpluribus
1216 3414 1247 3465 B.

229 3494 434 3561 impeditioribus
446 3496 471 3547 B
482 3500 564 3547 initio
576 3498 603 3547 in
615 3512 669 3547 sec.
682 3512 720 3546 m.
733 3511 857 3561 stuprare.
1024 3494 1055 3545 ld
1068 3492 1111 3559 ex]
1126 3494 1158 3545 de
1171 3492 1196 3542 Β
1209 3508 1250 3542 ss·

131 3573 241 3625 eudon
254 3574 343 3637 oud„
356 3578 408 3639 qui
418 3580 535 3625 errauit.
642 3575 845 3642 deperdiderunt
857 3574 882 3625 A
890 3576 914 3623 Β
924 3572 979 3624 01>
987 3573 1012 3623 Β
1019 3572 1073 3635 de,
1088 3570 1250 3637 disperdide-

132 3659 184 3705 rut
196 3654 213 3703 b
217 3654 250 3717 J.
341 3654 374 3706 ll
386 3654 512 3721 instituit]
526 3655 613 3720 coepit
625 3655 651 3705 b.
743 3652 993 3719 inprudentibusque
1007 3652 1031 3700 A
1043 3652 1080 3715 (is
1092 3666 1142 3715 quc
1155 3664 1191 3698 m.
1204 3663 1249 3713 pr.

133 3728 329 3796 11.)ΒοΒῶ
401 3732 645 3783 tdconloecbetB.
720 3727 947 3781 llextruebatB.
1032 3725 1251 3791 lbinpcdinrenta

134 3804 218 3877 Abs.
301 3808 427 3859 neustrie
441 3809 491 3874 bs.
575 3809 607 3861 111
620 3814 775 3874 tempestate
788 3806 891 3871 strnts,
906 3810 1075 3870 tempestates
1089 3812 1150 3854 sunt
1163 3802 1251 3855 Atrius

134 3885 238 3951 seqq.
251 3890 319 3935 unte
332 3900 360 3937 u.
442 3886 476 3939 tt
489 3884 590 3937 Caesar
600 3898 653 3934 om.
669 3885 684 3935 b
690 3884 720 3949 s.
798 3882 943 3947 reduxitf,
959 3882 1081 3946 perducit
1093 3881 1117 3930 A
1125 3882 1149 3931 Β
1159 3882 1180 3933 Β
1190 3878 1254 3929 ΒΕ.

206 3962 387 4031 Lexcbiirqne
399 3963 424 4016 Β
437 3966 511 4018 ‘mec
523 3963 666 4031 plirrimi’·
735 3963 770 4015 tt
782 3961 843 4012 item
857 3961 883 4011 in
897 3958 1049 4010 ciuitatibus
1062 3960 1110 4010 be.
1169 3955 1256 4023 proni-

137 4050 170 4091 nc
182 4040 300 4107 (oret,
314 4046 365 4108 que·
376 4042 562 4109 proximae,s,·
575 4042 685 4093 manime
698 4040 723 4091 A
731 4039 755 4091 Β
766 4039 949 4105 (tricesimae)
964 4037 1051 4088 ΒΒΒ
1064 4039 1164 4087 ‘ornnes
1175 4030 1255 4083 met’.

208 4120 362 4173 conlocauit
372 4122 407 4173 Β.
538 4120 620 4175 lulius
634 4120 727 4173 Celsus
739 4117 927 4169 &astantibus
939 4132 967 4167 u.
981 4131 1005 4166 c.
1019 4115 1072 4179 legi
1085 4112 1149 4164 belli
1161 4108 1256 4161 Gallici

139 4192 199 4247 liber
210 4199 306 4250 tertius
319 4199 429 4266 explicit
444 4199 477 4251 Β.
802 4202 808 4213 ’

516 4318 547 4328 -ι
565 4320 569 4325 ·
585 4318 661 4325 -——-
667 4316 856 4326 -—--——-
