2646 5124
531 587 842 663 GAPV'l'db-dl.
1239 595 1306 668 rt?

119 769 228 838 cuniae
243 786 347 832 secun
362 763 484 843 babuit,
508 765 554 830 eis
570 763 724 830 distribuit
743 775 775 828 et
793 764 950 850 oppidanis
971 763 1049 830 dixit
1070 786 1105 831 se
1120 767 1157 833 de
1172 790 1247 855 proc

120 874 159 940 ad
173 869 340 938 eramen
354 854 505 953 proficisci
519 878 551 933 et
563 869 697 934 secunda
711 867 817 951 uigilia
831 867 868 932 ab
884 869 990 953 oppido
1005 868 1157 934 discessit.
1182 869 1242 938 Cn.
1261 872 1281 939 5

118 973 283 1060 Pompeius
297 993 363 1037 cum
378 971 528 1055 equitibus
552 972 655 1057 paucis
678 971 887 1055 nonnullisque
910 971 1057 1056 peditibus
1080 973 1116 1037 sd
1138 976 1246 1040 naueh

121 1076 303 1164 praesidium
319 1085 405 1160 parte
420 1075 517 1139 altera
531 1071 684 1140 Carteiam
700 1074 866 1153 contendit,
883 1075 961 1158 quod
976 1062 1113 1161 oppidum
1128 1076 1247 1143 abesta

87 1195 104 1246 t
128 1178 270 1251 Corduba
290 1178 371 1243 milia
394 1198 533 1262 passuum
556 1188 661 1241 chx.
694 1173 762 1259 Quo
784 1198 850 1241 oum
873 1179 911 1241 ad
932 1188 1071 1242 octauum
1086 1180 1245 1245 miliarium
1260 1181 1283 1246 6

121 1284 272 1361 uenisset,
279 1278 319 1348 P.
330 1275 497 1357 Cauoilius,
514 1282 564 1364 qui
580 1281 689 1345 castris
700 1291 789 1345 antea
800 1278 935 1366 Pompeii
949 1284 1137 1366 praepositus
1151 1297 1244 1365 esset,

120 1388 187 1453 eins
201 1384 307 1453 uerbis
322 1385 458 1449 nuntium
473 1384 583 1462 mittit,
601 1404 669 1448 eum
685 1384 783 1447 minus
798 1384 876 1449 belle
892 1384 1021 1449 babere:
1046 1395 1080 1449 ut
1093 1385 1249 1451 mitterent

119 1489 272 1566 lecticam,
288 1508 346 1572 qua
360 1488 393 1552 in
408 1486 546 1577 oppidum
562 1485 673 1549 deferri
689 1497 801 1570 posset.
825 1485 954 1552 Litteris
970 1487 1072 1553 missis
1084 1485 1246 1574 Pompeius

123 1587 280 1656 Carteiam
295 1591 440 1655 defertur.
471 1586 532 1672 Qui
547 1589 664 1654 illarum
681 1590 809 1673 partium
833 1592 966 1654 lautores
989 1602 1112 1669 esseut,
1137 1590 1284 1657 conoe-7

67 1703 102 1757 tt
124 1693 214 1757 niunt
235 1694 267 1756 in
289 1693 424 1773 domum,
448 1714 504 1777 quo
527 1702 593 1756 erat
614 1691 728 1756 delatus
755 1693 819 1775 (qui
835 1693 972 1756 arbitrati
995 1705 1066 1758 snut
1080 1693 1248 1758 clanculum

124 1782 279 1881 uenisse),
297 1806 331 1860 ut
344 1795 381 1861 ab
396 1817 451 1877 co,
468 1817 544 1881 quae
559 1795 673 1858 uellent
690 1840 699 1871 ,
716 1794 752 1858 de
767 1794 846 1858 bello
861 1794 1060 1878 requirerent.
1094 1793 1171 1861 Cum
1187 1799 1248 1862 fre·

123 1900 242 1982 quentia
259 1899 462 1979 conuenisset,
480 1900 516 1963 de
531 1896 640 1962 lectica
654 1894 814 1981 Pompeius
830 1918 933 1961 uorum
948 1898 979 1961 in
996 1900 1082 1962 fidem
1098 1899 1244 1984 confugit.

122 1996 239 2067 Caesar
252 2024 293 2067 ex
309 2003 424 2087 proelio
438 2001 605 2067 munitione
620 2000 802 2065 circumdata
818 1997 990 2065 Cordubam
1007 2002 1100 2065 uouit.
1133 1998 1194 2084 Qui
1210 2023 1251 2066 ex
1264 1999 1307 2073 33

122 2105 212 2169 caede
227 2126 265 2169 eo
280 2109 469 2190 refugerant,
486 2115 606 2191 pontem
623 2113 816 2187 occuparunt.
848 2098 925 2167 Cum
948 2124 985 2168 eo
1008 2114 1127 2168 uentum
1152 2103 1284 2184 esset,2

67 2216 100 2271 tt
121 2208 284 2274 conuiciari
300 2219 485 2293 coeperunt:
510 2227 566 2272 uos
582 2229 624 2271 ex
639 2207 752 2291 proelio
769 2227 880 2288 paucos
895 2227 1072 2290 superesse,
1089 2228 1146 2289 quo
1162 2208 1247 2291 fuge-

121 2310 245 2375 remusf
274 2306 321 2374 lta
343 2331 479 2395 pugnare
501 2320 664 2395 coeperunt
686 2310 723 2373 de
739 2318 841 2392 ponte.
874 2302 991 2371 Caesar
1005 2308 1113 2371 flumen
1127 2309 1248 2372 traiecit

122 2421 157 2475 et
170 2422 269 2476 casua
286 2412 396 2496 posuit.
427 2408 575 2499 Scapula,
594 2412 685 2493 totius
699 2410 877 2487 seditionis,
903 2409 1032 2473 familiae
1047 2420 1079 2473 et
1093 2409 1247 2474 libertino·
1262 2410 1283 2475 3

121 2533 189 2577 rum
204 2525 309 2598 caput,
327 2536 368 2580 ex
383 2514 498 2599 proelio
513 2512 685 2581 Cordubam
699 2536 767 2578 oum
784 2513 936 2587 uenisset,
955 2512 1097 2576 familiam
1113 2522 1144 2575 ct
1157 2511 1249 2577 liber·

121 2625 169 2680 tos
185 2618 375 2696 conuocauit,
385 2638 489 2704 pyram
504 2617 562 2683 sibi
578 2617 728 2696 extruxit,
739 2638 862 2681 coenam
878 2615 989 2679 adferri
1006 2636 1092 2697 quam
1107 2615 1246 2699 optimam
1262 2615 1284 2679 t

67 2727 99 2781 tt
119 2718 295 2804 imperauit,
319 2723 392 2786 item
414 2720 534 2806 optimis
558 2720 785 2785 insternendum
807 2719 1015 2798 uestimentis,
1040 2717 1194 2802 pecuniam
1219 2730 1251 2783 et

121 2834 280 2907 argentum
294 2825 326 2887 in
341 2823 515 2909 praesentia
531 2822 661 2887 familiae
672 2823 804 2888 donauit.
828 2820 896 2907 lpse
907 2823 943 2886 de
956 2833 1089 2907 tempore
1104 2843 1246 2903 coenare,
1264 2821 1284 2888 5

124 2923 259 2989 resinam
274 2935 305 2988 et
320 2928 442 2991 nardum
456 2927 620 2991 identidem
636 2926 694 2991 sibi
709 2926 848 2991 infundit.
875 2923 919 2989 lta
936 2925 1100 2990 nouissimo
1113 2937 1247 3011 tempore

123 3046 244 3117 seruum
259 3026 349 3092 iussit
363 3039 394 3093 et
406 3028 565 3109 libertum,
583 3030 633 3113 qui
649 3030 756 3095 fuisset
771 3030 837 3094 eius
854 3029 1053 3108 concubinus,
1071 3030 1197 3094 alterum
1214 3050 1248 3094 se

120 3129 272 3215 iugulare,
290 3131 416 3195 alterum
433 3133 724 3221 pyraminooudere.
756 3129 904 3218 Oppidani
920 3143 1038 3209 autem,
1065 3132 1151 3195 simul
1168 3127 1246 3195 Cae·
1260 3131 1305 3203 34

67 3242 99 3295 ta
121 3252 174 3297 sar
186 3245 287 3298 castra
303 3244 410 3298 eontra
424 3236 560 3320 oppidum
576 3237 686 3320 posuit,
703 3235 877 3299 discordare
892 3242 1075 3316 coeperunt,
1102 3253 1195 3314 usque
1211 3252 1248 3295 oo

122 3345 157 3399 ut
178 3336 292 3401 elamor
313 3338 345 3401 in
368 3349 468 3402 castra
488 3349 592 3403 nostra
617 3338 789 3423 perueniret
813 3338 876 3399 fere
898 3336 979 3398 inter
993 3328 1196 3397 Caesarianos
1219 3343 1249 3396 et

230 3509 305 3566 tun.
319 3525 346 3560 u.
452 3510 613 3580 bl’cmpeius
626 3527 643 3564 o
658 3507 751 3576 ‘mrs.’,
765 3509 901 3575 Pompeius
914 3515 1001 3558 autem
1012 3505 1099 3557 Aldus
1110 3520 1139 3555 ιι.

121 3600 179 3637 cum
192 3586 284 3652 paucis
296 3585 429 3638 nonnullis
442 3589 573 3654 equitibus
586 3589 618 3640 ad
632 3590 658 3640 b.
764 3586 919 3639 lCurteiaur
932 3600 985 3636 om.
998 3599 1026 3634 a.
1134 3582 1250 3648 fldem·

122 3662 207 3713 uiaret
220 3662 246 3712 b.
349 3662 484 3716 Caecilius
498 3667 512 3716 b
526 3681 549 3729 c,
564 3664 665 3716 Caueill
678 3681 712 3728 ας
727 3662 856 3714 Calnitius
870 3677 899 3712 as.
1005 3657 1119 3726 Pompeii
1133 3666 1211 3709 uuteu
1224 3661 1248 3710 b.

230 3741 610 3809 feumbbdett.,cuuuur.
728 3742 853 3792 bellaea.
971 3738 1247 3803 bubereub2dett.,

120 3818 230 3870 baberet
242 3835 269 3870 u.
382 3822 520 3873 mitterent
533 3823 565 3886 ὸς
580 3823 726 3873 mitteretur
739 3825 776 3885 cf,
791 3824 824 3870 ut
835 3819 955 3883 uidetur,
970 3822 1055 3869 ceteri
1067 3819 1139 3869 boni.

119 3897 318 3955 dinemo..
379 3900 616 3967 possit(o)‘mrr.'
720 3900 915 3952 bCerteiama.
1023 3896 1249 3964 lthquiuquntn

123 3972 149 4023 b.
253 3975 351 4026 dilatus
366 3993 394 4027 a.
510 3978 633 4045 llquuc]
648 3977 727 4044 quib.
831 3976 1141 4028 uelletoombdattm.

125 4048 157 4102 13
171 4048 282 4116 proelio]
296 4049 393 4104 biunde
405 4054 438 4106 da
451 4055 616 4121 Gfundorpr'i
627 4060 784 4108 coniectura
797 4056 859 4107 odd.
875 4072 904 4104 u.
1012 4054 1043 4104 ll
1054 4052 1210 4114 refugerunt
1221 4069 1248 4102 a.

232 4137 391 4194 occuparunt
403 4146 421 4181 a
434 4132 458 4197 b,
469 4140 665 4199 occupauerunt
677 4148 705 4182 u.
812 4137 918 4201 uentum
932 4134 1004 4178 esset
1016 4127 1171 4191 Stephanus
1177 4144 1187 4188 ‚·
1199 4127 1251 4177 cir·

121 4213 289 4258 cumuentum
302 4215 375 4260 essct
385 4224 412 4275 a,
426 4212 599 4263 circumuenti
611 4217 702 4262 essent
717 4211 748 4271 b,·
762 4216 834 4259 earet
847 4215 953 4258 uentum
961 4220 995 4263 ιι.
1117 4205 1149 4256 lb
1161 4209 1251 4260 conui-

120 4287 187 4338 ciari
199 4286 299 4354 Aldus,
310 4290 456 4343 conuitiarc
469 4307 486 4342 s
497 4293 521 4341 b.
627 4287 687 4356 quo]
696 4302 758 4353 quos
771 4302 788 4336 o
798 4286 822 4335 b.
928 4281 1079 4345 fugeremus
1090 4284 1179 4351 codd,
1192 4303 1252 4338 eon·

122 4361 307 4427 fugerenuao.
418 4367 583 4434 ldapudod.
688 4361 842 4414 liberosub.
950 4357 1140 4413 lbextruxita.

121 4441 222 4492 adferri
234 4458 262 4493 a.
378 4442 682 4512 optimumodtidett„
697 4441 807 4507 opimam
820 4437 986 4505 scaligero.
1092 4443 1123 4497 21
1138 4456 1274 4494 euenere·

120 4520 169 4585 as
178 4522 193 4572 5
205 4521 275 4572 dett.
285 4520 456 4588 Soteridam,
466 4539 518 4576 om.
534 4540 563 4586 ις
574 4521 697 4574 eoenauit
709 4519 798 4571 Aldus
810 4535 838 4569 ιι.
945 4519 1099 4573 bbreainam
1109 4535 1170 4572 aar.
1186 4520 1250 4571 fact.
1306 4525 1309 4529 '

122 4596 149 4662 d,
164 4597 242 4649 sitam
255 4613 273 4649 u
285 4603 314 4650 at
324 4603 365 4651 ato
377 4600 435 4651 ‘aad
447 4598 528 4651 aleam
543 4599 600 4650 dc'.
707 4595 805 4648 infudit
819 4597 843 4647 d.
949 4597 983 4652 23
992 4596 1102 4648 liberum
1114 4610 1142 4647 a.

121 4674 327 4729 ciuaom.ab.'
424 4677 596 4747 blpplaura.
702 4674 736 4729 25
749 4672 853 4740 eontra]
865 4674 898 4726 ad
911 4673 976 4726 add.
990 4689 1017 4727 a.

138 4773 232 4831 emur,
242 4775 279 4821 ed.
290 4775 399 4836 fllpperd.
1036 4752 1076 4817 ⁴7
