2646 5124
506 417 825 485 -123—

84 594 250 661 ineautius
267 590 420 676 permittit
432 590 465 654 iu
479 592 685 675 praelectum'.
723 590 783 656 llio
796 592 890 657 uerba
912 593 1069 659 ‘inimicus
1085 597 1198 665 hooiini
1208 604 1230 680 ’,

88 716 167 783 quae
183 697 218 761 in
235 693 480 759 omnibus'eodd.
495 694 649 779 leguntur,
665 695 809 760 acriticis
820 698 913 761 eiecta
925 709 1013 777 sunt3
1030 702 1134 778 credo,
1151 706 1231 785 rpuod

91 800 193 885 Inepte
210 796 390 872 Commius,
407 818 474 861 cunr
491 799 604 882 proelio
618 820 683 862 cum
696 797 850 865 Voluseno
865 802 1071 881 contenderet,
1089 805 1157 868 lmic
1172 806 1231 870 ini·

94 904 190 967 micus
207 901 270 965 dici
288 901 462 966 uidebatur.
509 898 570 966 Sed
591 902 621 965 id
644 901 691 964 hic
706 903 874 967 rectissime
890 904 933 967 lit.
980 901 1133 970 Commius
1148 908 1228 972 enim

96 1029 160 1071 cum
175 1005 344 1071 Voluseno
361 1004 494 1088 priuatas
510 1003 637 1069 habebat
650 1004 843 1083 inimicitias,
872 1008 950 1089 quod
971 1028 1024 1092 per
1047 1028 1113 1073 eum
1130 1010 1229 1095 specie

97 1110 239 1197 colloquii
255 1106 378 1172 insidiis
393 1108 618 1171 circumuentus
634 1110 771 1193 grauiter
785 1120 851 1173 erat
866 1110 1062 1185 uulneratus,
1087 1133 1164 1193 quae
1179 1133 1230 1177 res

100 1236 128 1277 c.
146 1210 187 1277 2³
209 1222 338 1275 uersuta
360 1220 420 1275 est.
452 1206 558 1292 ltaque
581 1211 627 1275 lis
649 1212 751 1276 uerbis
766 1212 952 1288 declaratur,
977 1212 1046 1295 quid
1062 1209 1231 1277 Commium

101 1316 294 1401 pemouerit,
309 1324 345 1377 ut
352 1314 539 1398 praelectum
547 1312 647 1378 solito
655 1315 882 1399 aggrederetur.
901 1315 982 1378 Ante
993 1316 1129 1399 proxima
1140 1316 1232 1380 uerba
1273 1364 1276 1369 ·

103 1430 231 1483 ‘morum
247 1420 378 1484 inuocat
392 1416 491 1480 lidem’
508 1417 597 1500 uulgo
612 1417 686 1480 daec
705 1417 898 1481 inseruntur:
926 1424 1062 1502 ‘repente
1078 1417 1231 1482 omnium’.

102 1520 212 1587 Verum
228 1542 265 1587 ea
280 1522 315 1585 iu
330 1519 408 1584 solis
423 1518 526 1583 Ilauu.
543 1537 591 1602 pr.
608 1514 692 1583 Scal.
710 1517 818 1584 Cuiac.
836 1521 990 1604 leguntur.
1024 1519 1060 1585 In
1076 1518 1148 1585 Pur.
1166 1541 1229 1585 sec.

104 1636 133 1688 ct
145 1622 234 1689 Laid.
249 1646 298 1709 pr.
320 1624 485 1709 ‘repente’‚
504 1623 538 1687 iu
552 1620 625 1687 Par.
641 1645 688 1710 pr.
706 1621 800 1687 Voss.
818 1644 863 1708 pr.
881 1622 971 1709 Egm.
988 1624 1164 1706 quibusdam
1180 1623 1231 1687 de-

105 1728 260 1792 terioribus
281 1738 449 1810 utrumque
470 1727 647 1792 uocabulum
663 1726 806 1791 omissum
822 1736 880 1791 est.
907 1726 1013 1811 Itaque
1028 1728 1164 1811 intr-gros
1179 1748 1230 1791 co·

104 1830 177 1896 dices
186 1842 316 1895 secutus
328 1851 410 1895 sum.
436 1826 553 1895 Deinde
571 1830 710 1894 ‘uulnera
726 1830 875 1914 perfidem
891 1830 1039 1914 imposita'
1055 1832 1141 1916 posui
1157 1852 1230 1895 con·

102 1934 242 1999 iacturam
273 1930 405 1999 Gruteri
433 1942 568 1997 secutos.
613 1931 651 1997 Iu
675 1934 863 2018 interpolatis
893 1935 979 1997 codd.
1010 1937 1154 2020 scripturn
1181 1945 1230 1999 est

104 2038 238 2119 ‘pertidia
250 2037 457 2121 interposita'.
486 2032 521 2098 Iu
535 2034 607 2100 Pur.
624 2059 671 2121 pr.
689 2036 782 2102 Voss.
801 2058 846 2121 pr.
864 2048 896 2101 et
910 2037 1082 2120 quibusdam
1099 2038 1230 2102 deterio-

104 2139 186 2203 ribus
203 2148 283 2223 ‘per
295 2139 384 2203 iidem
395 2140 620 2222 interpositum’
642 2141 763 2225 legitur.
796 2139 844 2204 De
859 2139 949 2223 Egm.
967 2162 1028 2203 non
1043 2150 1163 2203 constat
1177 2159 1232 2224 per

106 2240 314 2327 oudendorpii
327 2242 529 2322 oscitantiam,
546 2245 597 2327 qui
613 2244 688 2308 lruec
697 2244 820 2307 scribit:
837 2244 973 2328 ‘pertidia
989 2240 1229 2325 iuposita'Egrn.

105 2355 134 2409 et
147 2343 241 2411 Voss.
259 2364 326 2409 sec.
342 2346 397 2409 sed
421 2348 564 2431 ‘pertidia
584 2348 728 2431 iuposita'
751 2348 843 2411 estin
859 2348 974 2411 Audin.
993 2356 1023 2409 et
1037 2342 1229 2409 Petauiaou’.

104 2446 208 2533 Neque
234 2456 309 2534 ‘per
327 2448 416 2512 tidem
430 2450 655 2535 interpositam'
677 2471 774 2533 neque
792 2451 931 2535 ‘perfidia
946 2448 1142 2533 interposita'
1159 2445 1232 2511 terri

105 2562 244 2639 pmuute
262 2552 324 2617 illia
340 2552 421 2615 euim
435 2552 621 2637 participium
636 2553 755 2636 aliquod
772 2554 808 2616 ud
827 2553 981 2617 ‘uulnera'
997 2552 1152 2634 pertinens
1168 2550 1231 2613 adi·

107 2656 237 2722 ciendum
253 2665 343 2733 erut,
367 2655 489 2739 pertidia
503 2656 682 2742 interposita
698 2656 754 2720 dici
771 2657 885 2740 nequit.
931 2650 1004 2718 Par.
1022 2676 1070 2739 pr.
1087 2664 1119 2717 et
1134 2650 1228 2719 Voss.

107 2780 143 2843 pr.
159 2759 320 2844 scriptura
339 2766 425 2821 recte
446 2754 611 2822 Gruterum
633 2760 809 2824 emendasse
832 2760 1019 2824 demonstrat
1048 2764 1121 2842 ‘per
1142 2756 1229 2822 lidum

106 2860 262 2947 inposita’.
304 2858 441 2924 Vulnera
459 2862 537 2925 euim
560 2863 699 2946 imposita
720 2862 861 2925 dicuntur
883 2880 936 2945 per
955 2860 1041 2925 iidem
1058 2860 1157 2924 damna
1173 2879 1231 2924 neo

106 2976 266 3039 mum,
282 2972 320 3027 ut
334 2963 381 3028 ltis
395 2964 484 3027 locist
501 2960 594 3029 Caes.
612 2966 642 3028 b.
653 2962 772 3037 Gattl,
788 2962 843 3042 ld,
860 2962 881 3027 3
898 2964 1154 3027 ‘committendum
1170 2984 1232 3027 nou

107 3070 236 3151 pumat,
253 3076 292 3130 ut
306 3067 401 3151 pulsis
417 3067 551 3131 hostibus
565 3068 624 3131 dici
640 3077 745 3151 posset
758 3086 811 3131 eos
826 3066 863 3131 ab
879 3086 913 3129 se
927 3065 1077 3149 perfidem
1092 3066 1124 3127 in
1140 3064 1233 3128 collo-

107 3172 166 3253 prio
176 3170 430 3250 circumuentus'p
449 3168 517 3235 Cic.
528 3172 565 3237 de
575 3172 694 3235 iuuent.
704 3167 732 3247 l,
744 3168 798 3244 39,
812 3168 852 3232 7t
866 3166 930 3251 ‘qui
942 3186 1162 3251 saepenumero
1177 3186 1235 3231 nos

108 3292 152 3355 per
165 3272 257 3339 tuen
275 3274 465 3353 fefellerunt,
488 3294 591 3338 eorum
612 3273 743 3337 orationi
760 3272 846 3336 iidem
863 3269 974 3334 habere
991 3290 1051 3333 non
1067 3267 1231 3345 debemus’,

109 3396 155 3459 pro
171 3374 270 3439 llosc.
289 3374 361 3439 Am.
377 3374 433 3454 tu,
451 3376 514 3443 116
530 3378 579 3442 ‘ad
595 3378 679 3441 cuius
695 3378 788 3462 igitur
801 3376 888 3441 iidem
905 3373 1076 3459 confugiet,
1098 3393 1164 3436 cum
1179 3392 1236 3457 per

110 3478 165 3543 tius
181 3478 272 3541 iidem
289 3479 428 3556 laeditur,
445 3481 777 3558 cuisecommiseritt'3
794 3478 868 3544 Liu.
879 3474 906 3556 l,
922 3477 945 3542 o
962 3477 1080 3562 ‘persas
1095 3497 1130 3540 ac
1146 3475 1234 3538 tidem

111 3580 245 3667 detepuit
261 3576 452 3662 XXXVIII,
468 3582 511 3647 25
534 3586 643 3648 ‘maior
656 3584 751 3647 multo
765 3604 835 3666 pars
850 3603 904 3668 per
919 3582 1003 3645 tidem
1020 3579 1124 3644 uiolati
1141 3577 1234 3642 collo·

111 3686 160 3767 pti
176 3704 297 3769 poenas
311 3696 408 3748 morte
422 3686 566 3765 lueruut’3
590 3684 666 3751 Seu.
683 3687 720 3749 de
735 3684 852 3768 prouid.
871 3684 910 3763 3,
934 3683 955 3748 7
973 3682 1077 3746 ‘multa
1093 3679 1176 3743 milia
1192 3677 1235 3740 ci-

111 3786 184 3850 nium
200 3784 412 3852 Romanorum
428 3809 489 3852 uno
504 3789 571 3853 loco
586 3800 654 3874 post
669 3790 767 3865 tidem,
784 3789 875 3851 immo
890 3807 943 3870 per
957 3786 1052 3870 ipsam
1071 3785 1157 3846 tidem
1173 3790 1236 3841 tru-

111 3890 225 3955 cidata'.
258 3885 349 3971 Quae
370 3890 506 3977 exempla
530 3891 590 3955 alia
611 3892 679 3955 aliis
701 3892 775 3955 locis
798 3890 1034 3975 agrammaticis
1050 3884 1147 3971 posita
1163 3902 1236 3945 cou-

112 4011 203 4057 trun.

190 4090 232 4161 C.
250 4094 290 4158 51
309 4096 355 4159 sic
369 4096 495 4181 scripsit
523 4093 614 4161 ‘Cum
629 4096 732 4161 liberis
746 4095 844 4159 omnis
859 4092 1017 4157 multitudo
1032 4088 1152 4155 obuiam
1167 4106 1238 4172 pro-

113 4196 244 4273 cedebat,
261 4198 381 4263 lrostiue
396 4200 639 4277 immolabantur,
656 4198 796 4263 tricliniis
810 4196 916 4261 stratis
931 4196 998 4258 lora
1011 4193 1179 4276 templaque
1187 4208 1240 4250 oc·

114 4302 313 4387 mpubuutur,
338 4312 374 4367 ut
394 4303 445 4367 uel
459 4303 673 4388 spectatissimi
688 4299 830 4385 triumphi
845 4298 961 4363 laetitia
976 4294 1107 4382 praecipi
1123 4297 1239 4377 posset·

113 4400 208 4471 l‘mtu
224 4416 297 4473 erat
309 4406 533 4492 magnificentia
547 4407 626 4492 apud
639 4404 860 4491 opulentiores,
890 4399 1037 4485 cupiditas
1052 4394 1131 4480 apud
1145 4387 1244 4453 hurni-

111 4505 220 4575 Iiorcs’.
253 4506 339 4575 Nam
353 4528 423 4575 cum
437 4503 584 4576 Caesena
598 4508 747 4575 udueutus
763 4502 1014 4590 ‘expectatissimi
1028 4488 1198 4577 triumphi,
1215 4486 1246 4553 ill
