2646 5124
507 566 831 636 -1ttt....

84 742 195 805 benere
210 740 331 819 iussit,
353 750 424 807 tres
439 743 472 806 iu
486 740 594 829 Belgio
609 746 768 811 colloeauit
781 747 844 829 (bis
858 743 905 809 Μ.
924 746 1069 815 Crassum
1084 768 1226 837 praesto-

84 864 131 911 teu
140 856 167 909 et
181 841 225 907 t.
244 842 440 909 Munatium
454 843 602 912 Plancum
616 860 648 913 et
662 846 702 914 C.
716 846 901 914 Trebonium
917 851 1032 935 legatos
1047 859 1222 943 praefecit),

84 968 161 1025 mara,
178 968 278 1031 quam
297 947 453 1031 proxime
468 946 677 1015 transPadom
693 954 924 1035 conscripserat,
939 965 970 1017 et
984 955 1125 1023 cobortes
1137 960 1223 1043 quiu-

85 1050 164 1135 qaein
179 1048 370 1115 Eburones
387 1050 488 1115 misitc
512 1053 558 1117 bis
579 1053 720 1119 militibus
735 1052 776 1137 Q.
793 1054 942 1119 Titurium
963 1052 1107 1123 Sabinum
1132 1074 1165 1126 et
1179 1061 1219 1127 la.

85 1152 323 1217 Aurunculeium
341 1148 473 1218 Cottam
488 1154 604 1239 legatos
619 1177 760 1242 praeesse
776 1158 885 1223 inssit'.
910 1154 997 1239 Quae
1011 1161 1104 1226 uerba
1121 1171 1221 1247 ‘quam

86 1257 201 1340 prasium
223 1269 328 1323 trans
352 1252 475 1323 Padum
498 1258 730 1345 conscripserat'
757 1281 818 1324 non
848 1261 890 1324 ita
913 1260 1115 1345 intellegenda
1136 1278 1219 1347 sunt,

86 1360 149 1443 quui
162 1382 203 1425 ea
218 1360 316 1446 legio
334 1360 399 1424 lroe
414 1382 496 1426 anuo
510 1364 680 1448 conscripta
695 1372 779 1428 esset
798 1365 882 1444 (ceto
897 1362 976 1426 enim
992 1364 1129 1448 legiones
1144 1362 1222 1433 Cae·

86 1483 161 1527 arem
183 1464 251 1527 iam
279 1463 433 1527 secundo
455 1485 535 1528 anno
556 1465 699 1531 babuisse
720 1466 878 1545 uidimus),
901 1465 956 1529 sed
977 1465 1167 1549 significatur
1187 1490 1232 1535 ea.

86 1566 162 1651 legio,
184 1588 273 1651 quae
300 1565 447 1631 secundo
468 1589 549 1632 anno
571 1568 673 1632 ultima
688 1569 854 1634 constituta
869 1578 956 1642 erat,
973 1580 1079 1652 quarta
1094 1571 1222 1636 decima.

86 1666 252 1753 llundecim
271 1680 392 1735 autem
407 1670 549 1735 cobortes
564 1667 668 1736 Sabini
683 1682 714 1735 et
730 1668 840 1736 Cottae
855 1671 966 1754 insigni
989 1671 1075 1736 clade
1097 1673 1135 1736 ab
1149 1672 1223 1737 Au-

86 1772 207 1858 liorige,
230 1792 319 1859 rege
345 1770 548 1852 Eburonum,
572 1778 602 1837 in
617 1774 752 1840 bibernis
767 1773 883 1838 deletae
905 1784 992 1852 sunt,
1018 1774 1072 1837 uix
1088 1785 1121 1838 ut
1135 1777 1222 1860 pauci

86 1874 257 1961 elegerent,
276 1894 367 1958 quac
384 1894 435 1939 res
450 1884 593 1941 narratur
606 1878 675 1941 inde
691 1898 710 1942 a
725 1898 753 1941 c.
770 1874 813 1941 26
828 1895 921 1961 usquc
936 1876 973 1939 ad
989 1898 1017 1939 e.
1035 1872 1089 1940 ³8.
1114 1874 1221 1961 Itaque

87 1978 156 2043 initio
171 1980 261 2043 sexti
279 1978 361 2043 anni
379 1973 499 2041 Caesar
511 1990 543 2043 ct
557 1980 621 2065 ipse
636 1979 784 2045 delectum
800 1978 903 2042 babuit
917 1990 949 2045 et
963 2000 981 2042 a
997 1975 1057 2043 Cn.
1074 1976 1220 2064 Pompeio

87 2080 272 2166 inpetrauit,
289 2092 341 2155 ut,
360 2101 437 2163 quos
450 2080 502 2147 ille
515 2083 622 2147 consul
635 2102 677 2147 ex
692 2080 790 2147 Gallia
805 2083 949 2169 cisalpina
965 2094 1155 2147 sacramento
1169 2104 1221 2147 ro-

88 2186 227 2267 gauisset,
252 2184 296 2247 ad
311 2184 403 2268 sigua
419 2183 583 2247 conuenire
597 2196 628 2249 et
641 2184 698 2249 sibi
713 2186 792 2250 tradi
806 2184 937 2250 iuberet.
961 2180 1034 2248 lude
1049 2193 1112 2249 tres
1127 2182 1221 2267 legio-

89 2306 140 2351 uea
154 2288 289 2351 ellectu
303 2306 391 2363 esse,
417 2286 460 2350 ita
476 2296 511 2349 ut
524 2288 700 2353 amissmum
716 2287 883 2355 cohortium
900 2306 1042 2351 numerus
1057 2286 1222 2369 duplicare-

91 2398 148 2465 tur,
164 2385 225 2463 Vl,
245 2386 278 2468 l,
295 2386 364 2451 let
377 2386 472 2466 325
496 2390 676 2454 declaratur.
713 2390 768 2457 Ex
786 2391 833 2456 bis
854 2390 953 2455 tribus
973 2387 1140 2473 legionibus
1155 2408 1220 2451 cum

91 2510 144 2555 una
157 2512 187 2555 c.
204 2490 263 2565 ³2,
279 2490 302 2555 5
316 2501 426 2575 quarta
441 2490 556 2554 decima
571 2494 754 2577 appelletur,
781 2495 857 2559 bane
871 2495 901 2558 in
917 2494 1015 2557 locum
1031 2505 1156 2576 quartae
1171 2494 1222 2557 de-

90 2594 178 2658 cimae
193 2616 264 2657 mam
280 2590 376 2657 Cotta
392 2604 425 2657 ct
440 2590 556 2658 Sabino
571 2597 700 2661 amissae
722 2598 929 2675 successisse,
957 2597 1083 2659 alteram
1106 2606 1220 2675 autenm

89 2714 170 2778 quam
184 2696 261 2761 item
277 2696 346 2780 ipae
360 2692 478 2759 Caesar
491 2698 724 2783 conscripserat,
741 2700 874 2783 quintam
887 2700 1031 2763 decimam
1044 2699 1222 2784 appellatam

91 2798 177 2863 luisse
199 2810 344 2885 apparet.
369 2796 517 2883 Tertiam
538 2820 631 2878 uero,
655 2822 742 2885 quam
759 2798 819 2866 Cn.
836 2799 997 2886 Pompeius
1012 2800 1155 2879 dederat,
1172 2822 1222 2866 re·

91 2910 166 2967 teate
181 2924 223 2967 eo
238 2902 378 2981 nomine,
395 2901 516 2985 quadis
532 2902 692 2983 indiderat,
706 2906 829 2988 primam
841 2905 949 2969 dictam
961 2900 1220 2984 cssellirt.Vlll,

91 3000 178 3084 ll,2
201 3006 409 3069 demonstrat.
447 3002 552 3087 ltaque
573 3015 664 3068 sexto
684 3026 764 3069 anno
787 3003 905 3072 Caesar
918 3009 1021 3072 decem
1040 3006 1175 3092 legiones
1189 3007 1221 3071 in

91 3110 227 3173 merem
244 3107 363 3185 babuit,
380 3116 494 3191 septem
510 3118 682 3185 ueteranus,
699 3118 760 3171 tres
776 3129 882 3173 nouas.
919 3109 1021 3191 Atque
1034 3108 1063 3172 is
1079 3128 1222 3172 numerus

92 3220 121 3272 et
132 3208 191 3289 vt,
208 3208 257 3274 32
271 3219 306 3275 et
320 3208 363 3273 33
377 3210 489 3293 legitur
502 3220 533 3273 et
546 3221 685 3274 extrem
700 3221 790 3273 sexto
805 3211 1022 3275 commentario
1043 3210 1075 3274 in
1098 3211 1224 3274 hiberna

93 3312 269 3377 distributus
293 3312 414 3377 dicitur.
452 3308 578 3397 Septimi
601 3312 674 3375 anni
695 3311 782 3374 initio
804 3307 923 3375 Caesar
944 3311 1091 3374 delectum
1107 3313 1225 3393 quidem

94 3422 153 3481 lota
174 3416 322 3480 citeriore
344 3414 498 3499 prouincia
525 3414 631 3480 babuit
653 3410 742 3495 (Vll,
762 3411 793 3493 1,
813 3413 846 3493 l)
869 3411 1165 3497 supplementumque
1191 3412 1222 3477 iu

94 3514 223 3581 Galbam
236 3517 411 3583 ulteriorem
426 3517 553 3582 adduxit
567 3516 615 3598 (7,
624 3517 673 3599 5),
690 3517 767 3602 quod
784 3526 890 3601 postea
906 3512 1057 3595 Labieno,
1073 3536 1139 3578 cum
1156 3536 1222 3579 eum

93 3619 227 3686 isaliam
242 3630 361 3706 purtem
376 3618 552 3699 dimitteret,
569 3619 706 3683 attribuit
719 3616 857 3703 (atim),
874 3620 928 3682 sed
945 3617 1223 3682 antedelectionem

95 3720 291 3789 Haeduorum
306 3733 391 3787 certe
404 3743 485 3786 noua
500 3722 579 3808 legio
594 3743 655 3785 non
669 3720 811 3787 accessit.
850 3718 930 3785 Nam
948 3718 1078 3799 Caesar,
1095 3740 1161 3783 cum
1178 3717 1224 3780 bi-

93 3822 183 3893 leruo
199 3826 366 3891 etiamtum
380 3836 515 3910 tempore
530 3826 601 3890 anni
616 3827 654 3890 ob
666 3825 858 3890 rebellionem
868 3822 1034 3886 Galliarum
1050 3822 1088 3885 ad
1104 3819 1225 3884 exerci-

95 3937 149 3993 tum
171 3928 316 3993 uenisset
337 3938 369 3991 et
390 3938 495 3991 eontra
516 3925 798 4013 Vercingetorigem
814 3926 1075 4010 proficisceretur,
1092 3923 1167 3985 duaa
1182 3920 1226 3983 le·

93 4030 196 4117 gisnes
212 4030 343 4117 Agediei
358 4030 577 4115 impedimentis
593 4031 741 4115 praesidio
757 4027 879 4112 reliquit
893 4024 961 4107 (ll),
979 4026 1028 4107 4).
1059 4021 1125 4087 llas
1140 4020 1227 4085 initio

94 4134 184 4207 teria,
202 4154 273 4197 curn
289 4128 408 4196 Caesar
426 4133 513 4216 quasi
528 4154 642 4197 nouum
657 4134 726 4199 belli
742 4131 859 4196 initium
876 4139 999 4214 caperet
1012 4124 1083 4203 (tt,
1099 4124 1149 4205 2),
1173 4142 1229 4187 eu·

94 4236 200 4301 ercitui
221 4252 332 4299 rursus
355 4234 514 4299 adiunctas
537 4256 607 4301 esse
630 4237 700 4301 inde
714 4242 858 4319 apparet,
874 4232 952 4315 qnod
969 4227 1123 4294 Labienus
1139 4248 1169 4289 c.
1187 4219 1229 4287 57

95 4338 220 4423 Agedici
235 4337 477 4423 supplementum
492 4337 583 4417 illud,
601 4337 638 4402 de
652 4360 711 4422 quo
726 4337 813 4401 modo
829 4334 913 4411 dixi,
930 4331 1093 4415 reliquisse
1107 4326 1228 4390 dieitur.

96 4438 201 4529 ltaque
215 4442 306 4507 initio
320 4442 405 4508 ucria
420 4435 539 4507 Caesar
553 4441 723 4505 exercitum
738 4439 770 4505 in
785 4439 860 4502 duaa
882 4443 984 4521 partes
1005 4430 1128 4496 diuisit:
1146 4432 1232 4509 quat·

97 4554 163 4612 tuor
175 4546 318 4632 legiones
332 4543 472 4611 Labieno
486 4544 519 4609 in
534 4540 674 4609 Senones
687 4538 881 4623 Parisiosque
898 4537 1048 4601 ducendas
1064 4530 1158 4602 dedit,
1175 4544 1234 4590 ses

98 4645 159 4735 ipae
172 4650 207 4715 iu
221 4646 386 4715 Αιιιιτιοι
399 4648 489 4713 tuuc
501 4644 573 4734 (tt,
588 4644 637 4729 2),
653 4644 697 4711 iu
715 4654 750 4710 ιιι
765 4654 858 4709 ntum
873 4639 1045 4707 uetitum
1065 4630 1157 4697 etiam
1171 4635 1235 4691 aaa
