2646 5124
516 620 831 692 curvum-tt.
1230 624 1296 697 did

111 800 222 877 lectae,
239 818 307 862 cum
321 797 381 863 iam
396 816 457 861 non
468 798 559 881 longe
574 818 592 861 a
606 793 860 881 portulluspinae
874 793 1027 873 abessent,
1044 798 1238 881 conspicatae

109 898 314 967 Caesarianas
330 920 437 976 naues,
447 920 524 984 quae
539 901 570 963 in
585 898 716 963 statione
731 898 808 981 apud
816 896 972 981 Thapsum
987 896 1119 978 stabant,
1135 903 1236 978 ueriti,

111 1024 151 1069 ne
171 1005 204 1067 in
226 1003 469 1067 aduersariorum
491 1012 526 1065 ut
548 1001 707 1065 insidiandi
727 1000 825 1083 gratia
840 1000 882 1063 ibi
897 1001 1145 1065 commorantium
1161 1004 1239 1067 clas-

111 1127 177 1171 scm
191 1103 369 1183 inciderent,
387 1103 581 1188 inprudentes
598 1104 664 1167 uela
679 1102 711 1165 in
727 1102 818 1166 altum
827 1102 974 1165 dederunt
988 1122 1022 1165 ac
1037 1102 1088 1166 diu
1102 1105 1238 1168 multum·

76 1222 92 1273 t
115 1226 173 1292 que
194 1206 297 1271 iactati
318 1206 437 1271 tandem
460 1205 561 1269 multis
583 1215 651 1289 post
670 1203 775 1269 diebus
797 1205 847 1268 siti
869 1203 1028 1287 inopiaque
1049 1206 1178 1271 coniecti
1200 1208 1238 1272 ad

112 1305 275 1375 Caesarem
289 1309 480 1393 perueniunt.
518 1304 636 1390 Quibus
651 1304 818 1391 legionibus
833 1306 984 1390 expositis
998 1326 1114 1371 memor
1127 1308 1159 1371 in
1173 1306 1235 1372 lta·
1249 1311 1296 1382 54

112 1412 151 1477 lia
168 1411 314 1496 pristinae
336 1409 477 1475 licentiae
499 1409 637 1475 militaris
661 1429 697 1472 ac
718 1410 892 1493 rapinarum
914 1419 1065 1473 certorum
1088 1410 1238 1475 bomintmi

112 1514 269 1597 peroniano
284 1513 371 1576 modo
384 1514 535 1577 causulam
552 1523 659 1576 nactus
674 1507 805 1589 Caesar,
827 1512 905 1594 qnod
920 1507 960 1575 G.
977 1511 1129 1591 Auienus,
1146 1513 1240 1577 tribu·

115 1636 175 1679 nus
189 1612 315 1678 militum
325 1624 353 1678 x
362 1614 501 1700 legionis,
514 1635 621 1679 nauem
634 1623 815 1693 commeatu,
828 1613 941 1678 lamilia
952 1634 1008 1677 sua
1023 1624 1113 1698 atquc
1124 1616 1238 1680 iumen-

67 1726 91 1781 ‚d
114 1717 174 1795 tis,
199 1715 409 1800 occupanisset
430 1738 527 1801 neque
552 1717 675 1780 militem
690 1736 781 1779 unum
796 1714 833 1779 ab
848 1712 954 1780 Sicilia
969 1718 1163 1794 sustulisset,
1186 1718 1275 1803 po-2

114 1828 198 1882 stero
213 1817 261 1882 die
275 1818 313 1881 dc
326 1830 472 1902 suggestu
486 1820 664 1884 conuocatis
678 1820 810 1882 omnium
824 1818 973 1901 legionum
989 1818 1119 1883 tribunis
1133 1832 1238 1885 centu-

114 1921 321 2005 rionibusque,
346 1917 496 1984 ‘Maxime
517 1920 648 2001 uellen’,
672 1920 778 2003 inquit,
804 1922 953 1985 ‘homines
968 1941 1042 1985 suae
1056 1923 1237 2006 petulantiae

114 2024 281 2108 nimiaeque
304 2022 452 2088 libertatis
474 2024 633 2107 aliquando
655 2024 742 2087 linem
767 2022 909 2087 iecissent
928 2044 1073 2107 meaeque
1088 2025 1236 2104 lenitatis,

116 2126 280 2191 modestiae
304 2126 524 2209 patientiaeque
545 2126 694 2190 rationem
716 2124 902 2189 habuissent.
949 2122 1010 2190 Sed
1025 2127 1164 2210 quonian
1179 2127 1274 2213 ipsi3

67 2240 91 2291 te
113 2227 171 2292 eibi
191 2246 290 2311 neque
313 2228 430 2292 modum
449 2248 545 2311 neqm
560 2229 718 2292 terminum
733 2228 941 2303 constituunt,
965 2249 1023 2310 quo
1038 2231 1133 2292 ceteri
1149 2230 1238 2294 dissi·

114 2329 228 2394 militer
247 2350 282 2393 se
296 2316 428 2413 gerant,
452 2340 571 2415 egomet
586 2331 650 2414 ipse
666 2331 874 2393 documentum
890 2350 973 2391 more
989 2328 1110 2393 militari
1126 2334 1237 2396 consti·

115 2442 209 2496 tuam.
256 2428 295 2496 C.
312 2431 450 2511 Aniene,
474 2433 552 2517 quod
574 2435 606 2497 in
624 2429 713 2496 ltalia
735 2432 844 2495 milites
866 2430 965 2515 populi
981 2429 1111 2495 llomani
1133 2435 1273 2498 coenat

116 2534 326 2619 rempublicam
348 2534 500 2621 instigasti
522 2536 703 2620 rapinasque
724 2556 778 2620 per
798 2532 960 2615 municipia
984 2533 1079 2596 iecisti
1102 2534 1239 2618 quodque

114 2635 188 2700 mibi
209 2638 315 2721 reique
336 2636 473 2723 publicae
493 2637 610 2703 inutilis
630 2639 712 2704 luisti
727 2648 758 2701 et
772 2658 826 2721 pro
841 2636 985 2700 militibus
1000 2646 1081 2699 tuam
1096 2636 1237 2701 familia·

67 2750 93 2803 to
114 2738 304 2825 iumentaque
326 2741 359 2803 in
376 2761 470 2805 naues
485 2742 666 2826 inposuisti,
691 2752 802 2822 tuaque
824 2760 916 2824 opera
939 2738 1082 2803 militibus
1106 2750 1239 2825 tempore

115 2842 289 2907 necessario
302 2842 470 2928 respublica
486 2854 583 2922 caret,
608 2844 645 2907 ob
662 2864 713 2908 eas
728 2864 779 2907 res
793 2842 975 2927 ignominiae
990 2862 1080 2906 causa
1095 2842 1133 2905 ab
1148 2862 1239 2908 exer·

116 2942 178 3007 citu
192 2964 260 3008 meo
275 2955 305 3008 tc
319 2964 459 3009 remoneo
475 2945 621 3029 bodicque
642 2967 682 3010 ex
697 2946 802 3010 Africa
823 2946 931 3010 abesse
952 2956 984 3009 ct
1004 2955 1147 3028 quantun
1170 2958 1238 3031 potc

115 3046 263 3131 prolicisci
277 3045 380 3111 iubeo.
410 3045 545 3131 ltemque
561 3058 602 3128 tc,
624 3048 704 3112 Aule
717 3044 841 3127 Fontei,
864 3050 942 3132 quod
958 3049 1096 3113 tribunus
1111 3050 1238 3114 rnilitum

115 3147 279 3213 seditiosus
293 3150 448 3233 malusque
462 3150 539 3214 ciuis
554 3151 655 3230 luisti,
680 3162 711 3214 tc
724 3152 761 3214 ab
782 3153 919 3215 exercitu
934 3151 1061 3214 dimitto.
1093 3150 1165 3215 'l'ite
1182 3150 1238 3215 Sa·
1254 3153 1275 3216 5

67 3262 93 3315 tt
115 3248 204 3330 liene,
228 3248 276 3315 bl.
291 3250 380 3332 Tiro,
405 3248 444 3317 C.
462 3248 618 3335 Clusinos,
643 3274 709 3317 cnm
724 3253 847 3317 ordines
862 3253 894 3315 in
910 3271 978 3314 nico
993 3252 1132 3314 exercitu
1147 3251 1240 3316 bene·

117 3355 184 3418 licio
199 3374 259 3419 non
275 3354 388 3419 uirtute
403 3358 557 3421 consecuti
572 3357 613 3421 ita
630 3378 685 3421 uos
700 3355 868 3441 gesseritis,
891 3364 924 3415 ut
939 3373 1035 3435 neque
1051 3351 1129 3415 bello
1147 3354 1240 3419 fortes

117 3474 215 3539 neque
235 3477 310 3542 pace
331 3455 401 3521 boni
416 3469 468 3521 ant
483 3459 572 3524 utiles
588 3459 706 3522 fueritis
722 3468 754 3521 et
768 3455 863 3539 magis
879 3456 909 3517 iu
924 3453 1073 3519 seditione
1088 3456 1241 3519 concitan-

117 3556 221 3641 disque
236 3559 376 3624 militibus
392 3561 551 3625 aduersum
566 3572 701 3626 uestrum
717 3560 927 3643 imperatorem
940 3577 1027 3640 quam
1040 3557 1161 3643 pudoris
1177 3580 1240 3621 mo-

118 3658 291 3744 destiaeque
305 3662 424 3727 fueritis
439 3663 646 3740 studiosiores,
668 3664 810 3747 indignos
826 3682 881 3725 uos
896 3681 966 3726 esse
982 3659 1123 3738 arbitror,
1143 3664 1192 3745 qui
1208 3663 1240 3729 iu

224 3850 427 3906 icaeaerianas
440 3870 521 3906 naues
534 3871 562 3920 o,
577 3870 658 3907 naues
670 3854 845 3908 Caesarianas
857 3854 917 3905 cdd.
1042 3854 1203 3908 diusitlienti
1214 3873 1239 3907 ιι.

224 3928 453 3995 liuprudeutesa.
559 3930 1130 3999 limemor]auditCeesnresscmoeroreme.

115 4002 251 4069 eperunt·
260 4018 288 4053 a.
392 4008 538 4058 casularuc.
643 4016 736 4059 nectus
749 4009 817 4074 quod
830 4006 931 4058 Caesar
938 4006 1054 4057 Auienus
1066 4023 1084 4056 a
1098 4009 1173 4056 ‘mse
1181 4006 1241 4070 ple·

114 4080 206 4147 rique·
218 4080 260 4145 (C.
275 4082 374 4135 adiecit
380 4085 553 4152 Stephanus).
658 4087 786 4152 ltinqnid
799 4101 825 4135 ιι.
933 4085 1091 4149 petulentlne
1104 4096 1130 4131 ιι.

114 4158 393 4227 llpttcientiaeqnea.
498 4162 559 4231 ipsi]
572 4165 696 4217 usiobc.
802 4160 997 4228 ldipseom.b.
1105 4159 1242 4213 ldmanci·

115 4238 156 4304 pla
170 4240 195 4289 b.
302 4242 370 4308 quod
384 4243 444 4292 milti
460 4244 484 4292 b.
593 4242 627 4293 20
640 4240 779 4307 inposuisti
791 4254 818 4288 a.
924 4236 1103 4303 militibusque
1118 4238 1191 4290 ‘mae
1204 4239 1240 4301 2⁹,

115 4319 242 4370 militibus
256 4336 321 4386 qnae
334 4338 361 4371 a.
467 4323 501 4373 22
514 4321 643 4387 bodiequu
656 4326 682 4370 te
695 4334 728 4368 ex
743 4318 767 4367 b.
874 4322 934 4382 pote
945 4314 1167 4383 (ludendos-pium
1181 4327 1241 4386 peto

115 4410 133 4445 a
146 4396 170 4459 b,
185 4411 231 4462 pro
244 4412 276 4447 eo
288 4414 319 4460 e,·
333 4405 420 4464 potest
432 4398 491 4449 eod.
507 4396 608 4448 Vrnu.
712 4393 860 4457 astutae,
874 4392 906 4445 tt.
916 4408 943 4444 tt.
1049 4394 1116 4450 ttto
1129 4397 1240 4457 abate,

115 4474 188 4526 ebat.
294 4476 356 4528 Tite
368 4494 395 4541 a,
409 4476 440 4528 Τ.
455 4493 482 4527 ιι.
588 4477 714 4529 limen.
821 4472 1240 4540 tuutrtnt01stttaadd.a‘mse

114 4552 150 4605 ⁴⁸·
268 4557 302 4609 27
316 4556 424 4609 sedione
437 4571 463 4607 ιι.
581 4556 615 4607 28
628 4552 766 4603 aduersum
776 4560 892 4604 uestrum
906 4554 1086 4621 imperatorem
1101 4566 1171 4600 unus
1184 4547 1240 4598 dcl.

115 4629 175 4695 (aed
186 4633 348 4698 aduentus),-
363 4634 574 4686 aduersariorum
587 4638 733 4683 uestrorum
746 4631 912 4698 imperatoris
925 4646 965 4682 ae
976 4636 1013 4695 ct,
1023 4633 1074 4696 qut·
1085 4634 1244 4691 nostrorum,

114 4708 227 4776 reliqui.
