2646 5124
504 549 806 617 ...74-

90 736 150 792 rat.
196 724 257 808 Qui
278 735 380 789 tamen
406 724 484 807 quod
499 722 677 788 existimare
690 722 830 803 uidetur,
853 722 1031 809 imperfecta
1045 723 1090 789 ita
1103 734 1209 805 tantun

91 828 211 915 probari
227 848 329 911 posse,
346 828 373 891 si
389 828 457 891 linia
472 826 690 902 declararetur,
706 825 811 889 eodem
827 825 915 889 modo
930 836 1021 911 atque
1036 826 1088 893 bic
1101 828 1132 893 id
1145 840 1211 909 ten·

90 952 147 1016 pus
162 931 292 1016 positum
308 941 357 995 est
371 927 549 996 aCicerone
564 928 601 991 ad
617 926 704 991 Fam.
720 923 748 1005 l,
764 926 799 1007 8,
817 923 859 992 10
875 928 938 1011 ‘qui
953 929 1020 1013 plus
1035 930 1156 1017 npibna,
1168 954 1214 997 ar·

91 1036 168 1111 mis,
194 1033 327 1117 potentia
349 1032 469 1107 inolent,
491 1033 654 1115 profecisse
674 1039 789 1094 tantum
805 1030 878 1095 mibi
891 1031 1033 1097 uidentur
1047 1032 1175 1099 stultitia
1187 1044 1216 1099 et

90 1136 293 1203 inconstantia
309 1135 572 1211 aduersariorum,
596 1144 630 1197 ut
653 1134 743 1197 etiam
764 1133 946 1199 anctoritate
966 1134 1028 1199 iani
1050 1136 1121 1221 plus
1138 1136 1216 1203 mte-

91 1241 181 1305 rcnt’.
213 1237 313 1325 lpsum
329 1238 447 1317 dicendi
462 1256 559 1323 genus
573 1234 761 1301 notissimum
777 1246 837 1301 eat.
856 1226 861 1235 ¹
980 1286 984 1293 .
1021 1290 1024 1297 .

178 1340 218 1407 C.
235 1343 268 1421 3,
285 1340 306 1405 3
322 1342 396 1405 boec
411 1351 460 1405 est
474 1338 558 1403 codd.
573 1339 743 1423 scripturae
767 1337 828 1403 ott
843 1338 970 1403 alteram
986 1348 1103 1423 partem
1118 1362 1218 1409 neon

93 1446 168 1511 dunt
181 1442 274 1523 Vbii,
292 1465 418 1527 qnorum
436 1441 495 1506 luit
507 1441 616 1507 ciuitas
630 1441 728 1525 ampla
743 1450 835 1527 atquc
849 1442 980 1520 florens,
1004 1452 1040 1507 nt
1053 1453 1105 1509 eat
1116 1454 1217 1531 captu

94 1546 337 1625 Germanorum,
359 1556 392 1610 et
413 1544 501 1629 paulo
516 1563 604 1628 quam
619 1552 692 1607 sont
705 1544 839 1609 ciusdem
853 1544 978 1629 generis
992 1554 1026 1610 et
1038 1548 1155 1613 ceteris
1167 1548 1218 1613 bu·

91 1652 265 1731 maniores,
287 1658 446 1733 propterea
468 1647 547 1730 quod
568 1644 709 1711 Rhenum
732 1648 895 1734 attingunt,
911 1646 1099 1731 multumque
1112 1650 1214 1717 otoo

92 1761 276 1817 mercatores
293 1750 458 1827 uentitant,
481 1760 509 1814 et
526 1749 582 1834 ipsi
597 1759 719 1834 propter
733 1749 983 1836 propinquitatem
999 1752 1079 1835 qnod
1094 1748 1215 1819 Gallicis

92 1866 164 1919 eunt
179 1853 312 1918 moribus
328 1851 512 1918 adsuefacti.
544 1850 603 1917 llic
618 1852 712 1917 uerba
728 1860 772 1917 ‘et
785 1853 885 1937 paulo’
900 1861 973 1917 cett.
988 1846 1217 1941 Oudendorpin

92 1957 135 2021 ita
149 1956 320 2021 enarrauitr
345 1962 397 2019 ‘et
411 1953 499 2039 paolo
513 1955 725 2033 humaniores,
747 1976 836 2040 qnam
850 1966 923 2019 sunt
936 1954 1075 2021 beminen
1089 1956 1218 2021 eiusde·

91 2059 234 2145 generis,
259 2066 291 2122 ct
306 2056 499 2122 humaniores
514 2058 647 2123 ceteris'.
693 2056 791 2140 Quam
807 2057 988 2123 sententiam
1003 2057 1139 2144 ineptam
1153 2076 1218 2125 eut

93 2158 297 2226 Scbnciderus
312 2160 406 2237 uidit,
429 2181 496 2224 cum
517 2171 549 2226 et
571 2161 705 2225 ciusdem
720 2162 843 2247 generis
858 2160 995 2226 bominee
1010 2172 1043 2225 et
1056 2160 1154 2227 ceteri
1169 2180 1218 2227 na·

93 2263 227 2329 cessario
248 2264 370 2348 utrique
386 2261 532 2329 Germani
552 2263 748 2349 intellegendi
770 2273 886 2329 casem.
931 2260 1001 2347 ipae
1016 2260 1218 2329 Scbneitlcru

93 2390 184 2431 unum
200 2367 331 2432 codicem
348 2378 484 2445 secutos,
502 2364 591 2431 Leid.
609 2388 670 2451 pr.,
687 2367 729 2429 ita
744 2366 853 2431 edidit:
873 2375 916 2430 ‘et
931 2366 1029 2450 paulo,
1047 2386 1138 2451 qnam
1151 2374 1220 2431 sunt

93 2471 224 2535 ciusdem
241 2473 374 2553 generis,
391 2481 463 2534 sarit
478 2470 588 2533 ceteris
604 2470 819 2547 bumaniurcs'3
837 2468 976 2551 superius
991 2480 1092 2531 autem
1116 2469 1218 2533 ‘sunt'

93 2574 263 2659 significare
278 2574 320 2636 ait
343 2580 430 2635 ‘esse
445 2572 571 2635 solcnt'.
604 2569 638 2634 ld
654 2592 728 2635 uero
745 2572 807 2635 lieri
825 2572 1009 2635 nullomodo
1026 2580 1145 2654 potest:
1169 2590 1221 2635 ne·

94 2698 152 2759 que
167 2676 314 2760 singulari
330 2675 409 2738 illius
427 2674 537 2737 codicis
553 2673 719 2756 scripturae
735 2674 877 2737 maiorem
898 2674 1109 2737 auctoritatem
1133 2694 1219 2757 qnam

94 2780 288 2840 coniecturae
313 2778 497 2841 tribuendam
522 2797 588 2837 csse
610 2787 743 2858 apparet.
775 2776 849 2841 Non
873 2774 1070 2858 probabiliora
1094 2776 1133 2839 ab
1153 2775 1221 2839 aliis

93 2880 245 2963 proposita
259 2889 341 2940 sunt.
381 2877 469 2941 Vnus
494 2877 555 2940 Tb.
573 2875 750 2954 llcntleius,
775 2888 895 2961 etpost
917 2898 983 2941 cum
999 2875 1219 2961 Elberlinqius,

93 2992 206 3045 rectam
222 2981 368 3044 orationis
385 2983 509 3044 formam
525 2980 635 3055 cllccit,
653 2991 687 3043 ut
701 2981 800 3044 deleto
815 2991 941 3063 utroque
967 2981 1035 3044 ‘et'
1051 2981 1093 3043 ita
1109 2980 1222 3043 seribe-

93 3094 198 3148 retur:
218 3080 302 3146 ‘Vbii
320 3084 482 3146 succedunt
498 3121 539 3131 —
555 3083 663 3168 paulo,
685 3104 771 3166 quarn
794 3095 866 3147 sunt
887 3083 1017 3146 ciusdem
1033 3086 1157 3166 generis
1171 3102 1222 3147 cc·

93 3188 169 3264 teri,
196 3186 409 3250 humaniores’.
454 3184 532 3250 Mihi
554 3198 654 3250 umen
670 3186 768 3270 potius
784 3185 816 3247 in
832 3185 910 3249 bunc
924 3186 1043 3249 modom
1060 3186 1136 3251 baec
1150 3206 1223 3249 con·

92 3291 244 3355 stituenda
260 3289 326 3354 uisa
342 3300 431 3354 sante
460 3297 504 3356 ‘et
518 3291 604 3376 paulo
620 3301 692 3355 sunt
706 3291 837 3354 eiusdem
853 3289 975 3373 generis
989 3288 1102 3351 ceteris
1118 3288 1224 3353 buma-

92 3394 217 3458 niores'.
257 3392 337 3457 Nam
353 3393 426 3460 baec
442 3396 537 3457 forma
552 3393 699 3456 orationis
714 3403 745 3455 ct
759 3392 796 3455 ob
812 3392 970 3475 superiora
985 3389 1079 3453 uerba
1106 3398 1224 3455 ‘otest

92 3506 197 3575 captus
213 3492 453 3559 Germanorum'
469 3494 624 3577 aptissima
640 3503 687 3557 est
702 3495 889 3576 (conceditur
904 3494 982 3557 enim
998 3491 1221 3557 Germanorum

92 3594 235 3658 iudicium
251 3596 350 3679 aliqua
366 3606 506 3680 exparte
522 3594 612 3657 etiam
627 3593 766 3659 Romano
782 3595 895 3659 bomini
911 3595 1030 3679 probari
1045 3602 1158 3679 posse)
1174 3604 1219 3673 et,

92 3717 159 3759 curu
176 3697 261 3779 plura
275 3696 432 3759 interiecta
448 3696 522 3773 sint,
540 3697 647 3762 melius
663 3696 737 3762 baec
752 3698 841 3784 plena
859 3698 997 3761 oratione
1013 3697 1221 3781 adiunguntur

92 3819 178 3881 quara
196 3819 249 3882 per
260 3796 489 3881 appositionem.
516 3796 654 3883 Denique
670 3802 755 3886 origo
769 3799 1012 3886 interpolationis
1027 3801 1084 3864 bac
1099 3799 1223 3865 ratione

92 3900 210 3965 facilius
233 3910 369 3984 apparet.
416 3899 496 3965 Nam
522 3902 667 3986 particula
691 3904 815 3985 ‘qoam'
839 3915 961 3987 propter
983 3901 1223 3987 comparatiunm

94 4004 309 4071 ‘humaniores'
326 4002 441 4067 adiecta
456 4013 514 4082 est,
532 4015 567 4068 ut
581 4002 638 4083 ΙΙΙ,
655 4002 689 4082 9,
706 4002 727 4067 li
742 4005 845 4070 eadem
861 4016 930 4089 post
946 4006 1152 4089 ιρΙιιιίιιιιιιιΰι
1169 4004 1225 4069 de·

92 4107 163 4171 inde
178 4127 245 4171 cum
261 4104 358 4170 oratio
375 4103 430 4168 bac
445 4126 479 4170 rc
495 4107 612 4172 turbata
628 4119 729 4185 esset,
757 4108 899 4171 ‘ceteris'
923 4108 1103 4192 interposito
1119 4109 1224 4171 ‘et'a

92 4208 300 4295 superioribus
315 4208 418 4273 uerbis
433 4220 603 4293 separatum
619 4221 678 4275 cst.
707 4208 817 4293 Neque
832 4210 912 4275 enim
928 4210 1040 4293 antiqui
1057 4209 1176 4273 librarii
1190 4208 1225 4273 in

93 4315 189 4377 lorma
205 4311 350 4379 orationis
365 4312 559 4377 resarcienda
574 4314 754 4378 seutentiam
771 4313 935 4392 curabant,
960 4334 998 4377 ne
1014 4315 1140 4378 formam
1157 4312 1224 4398 qui·

93 4420 159 4483 dem
177 4420 254 4483 ultra
271 4416 407 4502 proxima
424 4415 529 4480 uerba.
559 4414 603 4479 Et
616 4415 805 4478 librariorum
821 4415 888 4479 sinc
904 4417 1038 4480 mandem
1054 4416 1121 4479 siue
1136 4436 1225 4480 erro·

94 4544 158 4587 rem
169 4522 216 4589 bie
226 4530 377 4586 uersatum
393 4518 626 4601 essesequentia
636 4518 773 4603 probant,
789 4518 820 4581 in
835 4519 943 4603 quibus
956 4520 1085 4583 alterum
1104 4518 1221 4601 ‘quod',

96 4626 174 4706 quod
191 4622 461 4709 ‘propinquitatem’
476 4619 626 4704 sequitur,
643 4620 853 4706 interpolatum
868 4644 938 4688 esse
952 4643 1057 4686 omnes
1065 4621 1220 4685 uiderunt.
