2646 5124
415 616 739 683 —215—

70 788 151 853 dae’.
193 786 292 852 Reate
307 786 503 856 Vaseosanns
524 790 625 877 posuit
650 798 746 874 ‘quae
768 803 834 857 erat
861 798 1134 881 transgredienda':

82 892 267 975 scriptorem
283 891 357 956 baee
373 893 410 956 ad
424 894 590 959 conuallem
606 894 747 959 retulisse
755 896 863 960 doeent
874 898 967 961 uerba
984 900 1134 986 ‘ultraque

78 992 264 1059 eonuallena'
279 1005 312 1057 et
326 996 356 1078 5.
373 994 394 1057 2
410 996 505 1078 ‘prins
521 1017 648 1061 neeesse
663 1018 732 1061 esse
748 998 911 1062 conuallem
931 1002 1133 1088 olinetnrnque

69 1095 197 1183 agredi'.
222 1094 353 1161 Pluralis
370 1100 657 1185 ‘transgrediendae‘
673 1101 789 1184 positus
797 1112 855 1177 est,
872 1103 1134 1187 quiasupra‘eon·

69 1200 104 1265 ω’
116 1198 291 1285 legebatur,
309 1221 386 1283 quae
402 1202 498 1265 forma
511 1202 542 1263 in
559 1202 783 1266 commentariis
799 1203 835 1265 de
851 1201 1133 1272 belloGullieoeon-

69 1314 115 1367 ter
135 1302 171 1366 in
192 1302 314 1385 optimis
335 1304 427 1367 eodd:
439 1314 561 1367 seruata
585 1304 616 1366 in
637 1304 760 1385 reliquis
776 1304 860 1368 libris
875 1326 893 1369 a
909 1307 1053 1389 magistro
1068 1330 1132 1374 mu·

69 1416 134 1471 est.
167 1402 336 1489 Sequentia
352 1406 397 1469 sie
412 1406 558 1469 eduntur:
589 1404 662 1469 ‘llie
683 1427 750 1469 oum
766 1404 921 1472 Labienus
944 1410 1132 1476 animaduer-

69 1520 83 1573 t
97 1504 282 1587 Caesarem,
300 1508 328 1572 si
344 1508 436 1573 uellet
450 1528 516 1571 eunt
532 1508 632 1571 laeum
647 1529 809 1592 oeenpare,
827 1508 910 1592 prius
924 1532 1050 1576 neeesse
1064 1532 1132 1579 esse
1165 1525 1167 1530 '

69 1610 167 1677 allent
182 1611 387 1695 olinetunuque
402 1612 590 1696 transgredi,
610 1632 713 1675 eorum
729 1610 864 1674 locorum
880 1615 995 1696 peritus
1010 1614 1041 1678 in
1058 1616 1131 1681 insi·

73 1734 144 1779 enan
167 1724 256 1799 parte
277 1714 426 1797 equitatus
446 1714 566 1797 leuique
588 1724 742 1777 armatura
762 1715 900 1779 eonsedit
921 1727 953 1780 et
975 1728 1131 1801 praeterea

85 1827 221 1881 nantem
245 1816 399 1900 collesque
421 1818 537 1899 equites
560 1817 591 1879 in
612 1815 731 1879 occulto
753 1815 974 1897 eolloeauerat,
992 1831 1043 1897 ut,
1062 1842 1129 1884 eum

72 1938 117 1985 ex
131 1918 301 2005 improuiso
316 1918 498 2004 legionarios
514 1920 638 1983 adortus
654 1928 753 1995 esset,
778 1939 818 1982 ex
837 1920 914 1983 eolle
929 1942 963 1985 se
979 1924 1128 2005 equitatus

68 2022 172 2088 tderet
187 2034 221 2087 et
233 2042 268 2085 re
283 2020 392 2103 duplici
408 2021 599 2105 perturbatus
614 2016 733 2085 Caesar
748 2020 873 2104 eiusque
895 2026 1050 2088 exereitus
1074 2046 1129 2091 ne·

68 2134 157 2189 retro
170 2123 365 2209 regredinndi
384 2142 481 2206 neque
497 2124 576 2188 ultra
592 2126 773 2209 procedendi
787 2127 889 2190 oblata
910 2127 1052 2191 facultate
1068 2128 1128 2191 eir-

68 2238 182 2293 nentns
214 2228 449 2291 eoneideretnr'.
488 2224 524 2290 ln
552 2229 638 2292 eodd.
669 2240 738 2314 post
764 2226 858 2293 uerba
887 2235 940 2292 ‘et
969 2240 1128 2311 praeterea

96 2338 231 2393 nonten
257 2330 424 2411 tollesque’
453 2329 527 2393 bare
557 2332 741 2395 adiciuntur:
784 2325 934 2394 ‘Caesari
964 2329 1063 2392 subito
1093 2350 1127 2394 se

67 2432 206 2511 rdmt’,
234 2454 311 2517 qnae
336 2432 429 2495 uerba
450 2432 614 2496 uariandae
636 2434 784 2497 orationis
814 2452 906 2497 eausa
935 2429 1128 2495 interioribus

77 2536 159 2601 ealle
173 2556 209 2601 se
229 2538 378 2619 equitatus
398 2536 587 2599 ostenderet’
610 2557 629 2599 a
652 2536 795 2623 magistro
818 2538 949 2619 ascripta
972 2553 1128 2617 perperam

74 2638 163 2705 illm
191 2658 261 2703 esse
289 2638 394 2702 neseio
415 2638 481 2721 quis
508 2640 621 2723 primus
643 2640 842 2724 perspexerit.
881 2634 942 2701 Sed
972 2656 1032 2699 una
1061 2656 1127 2700 eum

69 2740 250 2829 ‘nullaque'
267 2740 434 2805 eiciendum
450 2752 527 2805 erat.
551 2740 631 2805 Nam
648 2764 744 2827 neque
760 2744 860 2825 plnres
875 2740 968 2803 eolles
984 2739 1032 2802 bie
1047 2760 1127 2803 oont-

66 2866 163 2911 tnrare
179 2844 303 2917 linebat,
319 2856 350 2908 et
365 2844 490 2909 ridicule
505 2858 724 2929 componuntur
738 2846 815 2908 haee
832 2852 912 2928 ‘post
923 2853 1053 2907 montem
1066 2842 1128 2906 eol-

66 2948 123 3033 με’
143 2952 212 3031 (ita
233 2948 313 3011 enini
328 2947 446 3030 quidam
462 2948 661 3033 ediderunt),
686 2970 752 3011 eum
768 2968 853 3011 mons
875 2947 953 3010 idem
976 2948 1016 3011 sit
1036 2958 1126 3031 atque

66 3072 92 3115 s.
133 3046 384 3135 Oudendorpius,
408 3072 475 3113 eum
492 3050 571 3113 inira
594 3052 764 3134 ponendum
787 3060 906 3134 putaret
929 3058 983 3113 ‘ex
998 3050 1076 3113 eolle
1092 3070 1126 3111 se

66 3148 389 3219 tatussubitoCaesari
403 3153 598 3229 ostenderet,
616 3154 645 3215 id
654 3165 810 3215 assecutus
819 3164 879 3228 est,
896 3152 974 3234 quod
984 3152 1128 3233 magistro

66 3242 322 3321 essentiatum
338 3256 505 3319 uidebatur.
539 3252 649 3337 Neque
671 3256 749 3319 enim
771 3266 924 3317 auctorem
940 3253 981 3315 ibi
996 3252 1038 3314 ita
1053 3250 1130 3313 sori·

65 3380 94 3425 te
107 3359 221 3425 inditio
235 3368 294 3437 est,
312 3359 388 3441 quod
404 3359 544 3442 deineeps
553 3353 697 3422 Caesaris
709 3376 818 3419 nomeu
830 3354 939 3440 posuit.
965 3351 1130 3434 Excipiunt

65 3484 93 3527 ta
111 3458 244 3527 ‘Caesar
258 3472 411 3545 postquam
427 3462 562 3545 equitatu
577 3471 649 3525 ante
661 3454 1128 3545 praemissoinseiusinsidiarunu

80 3564 121 3627 ad
137 3584 202 3627 eun
217 3566 314 3629 laeum
330 3564 475 3642 uenisset,
493 3564 579 3627 abusi
595 3565 662 3627 siue
670 3563 754 3628 obliti
766 3572 991 3646 praeceptorum
1001 3556 1128 3623 Labieni

77 3666 182 3743 ueriti,
199 3687 237 3732 ne
252 3668 284 3731 iu
302 3669 382 3730 dossa
397 3664 434 3729 ab
450 3666 600 3750 equitibus
616 3666 869 3750 opprimerentur,
891 3663 951 3727 rari
967 3684 1003 3727 ae
1017 3662 1129 3746 singoli

65 3790 133 3855 rape
154 3770 275 3854 prodire
296 3779 328 3831 et
348 3788 466 3832 summa
489 3780 591 3853 petere
614 3768 718 3833 collis:
747 3788 822 3848 quos
846 3763 990 3831 Caesaris
1012 3765 1129 3848 equites

64 3870 153 3937 senti
168 3876 277 3956 partim
291 3873 508 3936 interfecerunt
524 3872 630 3956 partim
647 3870 783 3933 uiuorum
799 3882 870 3932 sunt
891 3870 996 3953 potiti,
1022 3868 1128 3930 deinde

64 3976 135 4039 inus
165 3962 274 4038 eollent'
302 3985 405 4059 petere
434 3974 654 4037 contenderunt
683 3983 773 4054 atque
809 3992 875 4035 eum
912 3975 1038 4036 deousso
1068 3966 1130 4033 La·

63 4076 75 4141 i
104 4076 256 4159 praesidio
285 4077 426 4141 celeriter
454 4076 705 4159 noeupaneruut’.
743 4071 804 4156 Qui
834 4075 881 4137 bie
911 4074 997 4138 abusi
1027 4072 1129 4137 neseio

68 4198 107 4245 re
127 4178 279 4258 dicuntur,
305 4200 358 4244 eos
374 4180 521 4263 intellegi,
546 4199 621 4261 quos
634 4174 788 4241 Labienus
803 4176 833 4240 iu
850 4178 914 4259 ipsa
930 4176 1066 4242 conualle
1081 4196 1132 4239 oo-

64 4292 187 4359 tnerat,
211 4306 279 4347 enm
302 4304 343 4347 ex
364 4286 464 4346 iassae
486 4278 770 4345 somnaemoratinne
789 4289 931 4363 apparet,
962 4291 1024 4343 tuni
1052 4276 1132 4361 quod

64 4404 115 4449 nna
144 4386 231 4449 sollis
261 4386 452 4470 petiuerunt,
490 4395 523 4449 et
552 4383 628 4468 qnod
660 4376 838 4447 Caesariani
867 4382 997 4445 insecuti
1026 4379 1132 4444 nollem

63 4500 226 4571 tpanerant
245 4500 277 4553 et
295 4490 366 4553 inde
389 4488 569 4572 praesidium
591 4485 664 4569 (qui
685 4496 754 4547 sunt
775 4484 891 4565 equites
914 4494 980 4566 post
1001 4490 1131 4545 montem

63 4590 154 4671 usati,
170 4592 273 4676 nid.§.
283 4589 319 4675 3)
334 4592 543 4656 deeussernnt.
569 4586 631 4654 Sed
641 4585 750 4652 ‘abusi’
766 4596 939 4669 corruptum
952 4600 1133 4649 esseotnnes

63 4703 172 4769 runt„
197 4692 279 4760 Natu
300 4695 419 4759 etiamsi
441 4694 552 4759 abusos
573 4692 639 4756 sine
669 4690 779 4755 oblitos
805 4699 1031 4772 praeceptorum
1060 4704 1132 4747 eon-
