2646 5124
489 586 572 595 ——-
621 545 684 612 1⁷0
728 582 813 595 —-

91 744 125 786 se
141 722 287 807 angustiis
300 722 344 785 rei
361 722 575 785 frumentariae
590 721 747 786 adductam
759 718 916 784 discedere
925 708 1197 801 simulanisse'neqto

93 826 182 907 longe
204 845 394 910 progressum
416 845 532 887 omnem
554 828 721 889 exercitum
744 824 776 889 in
798 822 916 888 insidiis
936 824 1117 889 collocasse.
1145 818 1200 885 lnlt

94 946 169 1010 «panae
185 928 350 1011 excipiunt,
367 927 409 991 ita
426 927 564 991 eduntur:
586 924 699 1013 ‘Scipio
714 927 751 990 ad
767 925 951 1011 sequendum
965 936 1093 1011 paratus
1107 923 1202 1009 eqni*
1239 926 1255 1015 l,

94 1038 154 1092 tum
172 1050 367 1114 magnamque
390 1043 505 1114 partem
522 1032 596 1095 leuis
613 1043 782 1095 armaturae
797 1031 834 1094 ad
850 1030 1073 1116 explorandum
1087 1028 1147 1093 iter
1158 1024 1205 1091 lle·
1243 1026 1250 1097 '.

94 1132 168 1194 mitii
192 1143 221 1194 et
245 1137 483 1218 cognoscendum
506 1134 670 1218 praemisit.
703 1130 851 1217 Quicum
874 1128 1208 1219 esseutprogresstpt·
1248 1178 1254 1227 ἶ

95 1254 218 1317 maeque
241 1246 355 1299 turmae
377 1237 500 1300 insidias
522 1237 739 1313 intrauissent‚
768 1257 810 1301 ex
829 1234 950 1301 fremitu
971 1254 1120 1319 equorum
1142 1232 1210 1299 itan

95 1338 266 1423 suspicione
281 1340 317 1403 ad
333 1360 404 1403 suos
421 1360 455 1402 se
472 1340 607 1426 recipere
622 1350 799 1425 coeperunt,
816 1338 926 1422 quique
941 1336 1209 1423 tos-nequedum,

96 1440 225 1505 celerem
242 1461 345 1505 eornm
361 1452 513 1526 receptum
526 1442 691 1525 conspicati
703 1442 893 1506 restiterunt.
918 1438 1030 1505 Nostri
1039 1440 1211 1527 cognitisin·

95 1542 193 1622 sidiis‚
212 1565 249 1607 ne
266 1546 374 1609 frustra
390 1545 520 1628 reliquos
536 1554 752 1629 expectarent,
774 1546 848 1609 duas
864 1545 946 1609 neoti
961 1544 1097 1609 hostin·
1114 1554 1211 1609 tm

97 1648 304 1730 exceperunt'.
331 1646 443 1713 Verum
460 1648 553 1713 uerba
567 1648 619 1712 illa
642 1647 728 1712 ‘leuis
743 1648 932 1713 armaturae’
954 1647 987 1713 in
1009 1646 1096 1713 nnllo
1110 1644 1210 1725 cedite

97 1746 134 1810 de
150 1770 208 1831 quo
224 1749 342 1831 quidem
357 1760 487 1828 constet,
512 1750 670 1832 leguntur=
695 1750 726 1813 in
746 1749 935 1816 Looauieusi
956 1772 1012 1836 pro
1035 1751 1077 1817 iis
1097 1750 1209 1837 ponit·
1253 1738 1255 1745 ¹

98 1860 144 1911 est
162 1852 352 1915 ‘exercitus'.
370 1851 480 1936 Neque
496 1853 592 1931 iniis,
610 1864 874 1937 quaesoquuntur,
891 1854 968 1920 aliae
983 1854 1093 1940 copiae
1108 1862 1210 1941 prodor

98 1950 212 2032 equites
229 1966 512 2019 commemorantur.
544 1953 649 2040 ltaque
673 1956 825 2039 ‘equitum
841 1978 978 2041 magnam
994 1958 1131 2041 parts-⁹
1151 1954 1211 2021 tai-
1253 1984 1255 2013 τ

98 2062 178 2137 ptum
196 2056 269 2134 luit,
288 2068 319 2121 et
334 2070 497 2144 peruagnto
513 2080 619 2123 errore
634 2060 744 2123 iactum
760 2068 819 2138 est,
844 2070 877 2123 ut
893 2080 933 2125 ox
950 2062 1112 2145 ‘equitnm'
1125 2060 1209 2127 ellat·
1252 2056 1255 2121 Ξ

99 2166 184 2221 retur
201 2160 398 2243 equitatum.
425 2159 541 2227 Deinde
557 2163 594 2226 ud
609 2162 845 2245 coniungendam
854 2162 1023 2227 orationem
1032 2162 1210 2247 nequeant·
1253 2148 1255 2229 J

99 2261 200 2325 uerbis
222 2263 326 2348 copula
351 2264 466 2328 adiecta
490 2275 547 2328 est.
579 2262 668 2347 Quod
691 2275 790 2329 autem
815 2266 890 2329 inira
911 2265 1013 2330 editur
1034 2267 1127 2331 ‘duas
1145 2264 1209 2331 nett'
1253 2250 1255 2257 ¹

100 2364 228 2428 hostium
252 2368 387 2442 turmas'‚
414 2367 485 2430 illud
511 2367 677 2430 ‘hosticam'
702 2368 731 2429 in
749 2368 885 2431 omnibus
908 2370 993 2431 codd.
1020 2369 1209 2453 superioribas

101 2469 201 2531 uerbis
220 2472 366 2553 ‘coguitis
390 2470 523 2533 insidiis'
546 2473 755 2556 interpositum
777 2481 834 2534 est.
875 2469 965 2534 Falso
985 2472 1081 2553 igitur
1103 2472 1144 2536 ibi
1164 2490 1211 2534 nt·

100 2572 196 2652 gisler
220 2574 443 2645 deelaranerat,
470 2575 554 2637 cuitus
571 2574 697 2637 insidiae
714 2575 852 2659 cognitae
868 2574 1059 2652 dicerentur,
1086 2587 1211 2658 recteque

102 2672 297 2739 Vascosanus
315 2687 345 2739 et
361 2677 409 2739 alii
428 2678 529 2739 laostes
547 2678 709 2741 eiecerunt.

188 2774 246 2840 (in.
264 2779 425 2861 Pompeius
449 2781 538 2856 ilius,
558 2802 623 2842 cnm
641 2780 676 2840 ad
693 2777 816 2843 Oricum
834 2801 898 2841 eum
916 2780 1013 2845 alasse
1033 2783 1215 2857 uenisset‚rt

100 2900 208 2942 nauem
225 2882 254 2942 in
271 2884 393 2946 introitu
411 2896 512 2968 portus
529 2885 655 2966 positam
673 2884 854 2967 expugnauit
873 2894 900 2944 et
918 2885 1020 2947 eodem
1039 2896 1217 2968 temporeet

100 2980 196 3044 altera
220 2996 305 3066 parte
328 2988 454 3049 nauibus
478 2987 555 3049 mole
578 2988 702 3072 quadam
727 2986 858 3049 traiectis
881 2988 910 3048 in
936 2995 1051 3066 portum
1077 2985 1216 3071 peruenit.

101 3080 204 3149 Verba
221 3109 247 3149 o.
266 3086 319 3161 40,
337 3086 369 3165 la,
387 3089 493 3171 quibus
510 3089 658 3174 posterior
674 3109 723 3151 res
741 3089 920 3164 declaratur,
948 3088 978 3150 in
996 3090 1095 3153 tribus
1112 3088 1220 3175 optimis

102 3190 282 3275 totidemque
299 3193 496 3256 deterioribus
513 3192 649 3255 coddita
667 3192 777 3275 scripta
795 3202 884 3253 sunt:
905 3193 1080 3275 ‘eodemque
1097 3204 1222 3278 tempore

102 3314 143 3356 ex
158 3295 253 3359 altera
269 3308 352 3380 parte
368 3298 474 3361 molem
493 3297 587 3361 tenuit
603 3294 769 3357 naturalem
785 3294 951 3370 obiectam,
980 3315 1058 3377 quae
1074 3316 1172 3379 paene
1184 3294 1223 3357 in·

100 3398 196 3459 sulam
219 3403 356 3484 oppidum
380 3402 538 3476 elleeerat,
564 3396 608 3461 lV
624 3398 752 3459 biremes
775 3397 916 3459 sanbieotis
940 3397 1065 3460 scutulis
1088 3398 1225 3483 impulsat

102 3501 238 3563 uectibus
261 3505 292 3566 in
317 3504 489 3565 interiorem
514 3514 626 3584 partem
652 3500 813 3562 traduxit'.
847 3498 943 3562 Situm
966 3500 1072 3563 horum
1096 3500 1227 3564 totorum

101 3608 183 3659 reete
199 3601 364 3665 deelarauit
379 3600 571 3667 Ciaceonius.
604 3602 654 3666 Eu
671 3598 815 3666 Caesaris
837 3604 913 3665 enim
935 3602 1036 3664 uerbis
1053 3604 1230 3688 perspicitur

102 3699 288 3781 peninsulam
310 3725 327 3766 a
351 3705 524 3770 continente
548 3709 786 3791 procucurrisse,
811 3706 852 3767 ita
870 3716 902 3767 ut
918 3715 1006 3788 eaput
1022 3705 1099 3783 eins,
1128 3706 1159 3768 in
1175 3724 1229 3789 quo

102 3802 237 3884 oppidum
248 3804 370 3869 (leicnm
387 3809 514 3889 positum
532 3823 607 3887 erat,
625 3809 790 3872 continenti
806 3828 910 3869 rursus
920 3809 1186 3891 appropinquaret,
1204 3814 1232 3869 et

103 3904 220 3967 obiectu
237 3910 409 3990 peninsulae
427 3924 530 3994 portus
546 3924 675 3997 angusto
692 3912 817 3974 introitu
835 3911 1016 3973 ellieeretur.
1044 3907 1149 3974 Prima
1165 3929 1231 3994 pars

102 4008 289 4090 peuiusulae,
309 4035 364 4096 qua
380 4015 746 4090 continentieollaerebat‚
766 4014 858 4076 aaaoles
875 4010 1035 4075 aCaesare
1052 4014 1229 4096 appellatur.

103 4107 327 4179 Confirmantur
344 4117 415 4179 haec
432 4115 519 4180 Plinii
537 4121 608 4182 laist.
626 4129 685 4181 nat.
702 4115 743 4195 ll,
762 4115 815 4193 tte,
833 4116 895 4181 204
915 4114 1098 4199 ‘Epidaurus
1116 4128 1147 4179 et
1164 4112 1233 4179 Ori-

103 4235 168 4277 cum
198 4217 313 4284 insulae
342 4242 409 4283 esse
433 4222 615 4298 desierunt,
646 4241 721 4303 quae
745 4220 838 4282 uerba
867 4213 1049 4280 (liacoonius
1077 4218 1231 4302 ascripsit.

102 4312 134 4379 ls
157 4339 249 4398 uero,
283 4345 350 4385 cum
380 4324 479 4408 inepte
503 4324 660 4401 ederetur,
695 4334 727 4385 nt
749 4322 909 4384 etiamnum
932 4321 982 4395 lat,
1020 4327 1108 4401 ‘quae
1139 4339 1233 4403 paene

102 4419 229 4485 insulam
253 4437 360 4489 eontra
382 4428 519 4511 oppidum
544 4427 705 4503 effecerat,
731 4425 906 4488 coniectura
927 4423 956 4485 id
980 4422 1078 4506 ipsum
1102 4421 1231 4498 inuenit,

102 4526 178 4606 quod
195 4547 233 4589 ex
250 4529 367 4613 optimis
383 4529 468 4593 codd.
487 4551 577 4613 supra
592 4528 690 4613 posui,
715 4529 775 4591 nisi
791 4528 868 4610 quod
884 4537 965 4590 reete
981 4536 1140 4609 praeterea
1158 4526 1234 4589 ‘effi-

103 4626 209 4693 ciebat‘
231 4630 388 4718 legendum
412 4632 851 4720 ιΙίιιίιζῃΙιιεᾳιιιιιιροιΓοοιιιιιι
875 4631 953 4694 enim
976 4628 1105 4714 positum
1122 4639 1173 4692 est
1195 4627 1231 4693 alt
