2646 5124
475 84 794 148 —aot-

19 253 75 319 nbi
87 267 177 341 ponat
196 257 236 318 in
259 277 345 331 suo,
366 277 426 318 non
444 256 554 333 lrabet',
574 258 622 334 iis,
642 280 716 339 quae
733 261 809 342 apud
826 259 956 323 Hirtium
973 265 1189 346 supplebimus,

20 368 191 445 repugnant
208 406 220 435 ‚
245 380 330 421 etum
350 379 422 443 pars
438 359 488 420 illa
504 357 667 423 Armeniae
683 362 808 424 minoris
824 362 978 426 Ariarathi
995 387 1053 428 troo
1071 371 1189 452 propria

20 482 171 527 concessa
197 465 263 525 sit.
313 459 370 524 Ne
401 461 466 543 quis
487 472 586 526 autern
609 461 812 542 Ariarathen,
844 465 1060 530 Ariobarzanis
1085 468 1188 547 lilinrn,

24 566 74 649 ψ’
86 564 172 649 arud
188 560 401 629 Ciceronem
418 563 547 637 dicitur,
571 565 661 627 alinm
684 576 768 649 putet
783 576 874 650 atque
890 568 1085 647 Ariarathen,
1102 591 1189 652 quern

24 664 149 731 Hirtius
167 668 317 731 irata-ern
335 665 557 729 Ariobarzanis
572 667 712 750 appellat,
730 668 758 730 id
775 669 853 750 quiid
871 670 982 733 lactnrn
999 683 1044 736 est
1060 670 1189 738 in0rcl-

25 770 58 835 lii
79 770 298 834 onomastico
313 767 480 847 Tulliano,
501 769 588 845 inde,
614 770 690 851 quod
707 768 826 833 Hirtius
841 770 1025 837 Ariarathen
1049 775 1189 839 heredem

26 873 115 959 regni
133 873 308 957 appellat,
332 874 456 935 fratrem
473 872 537 936 eins
553 872 783 935 Ariobarzanen
800 872 889 934 filiuni
907 897 965 937 non
982 876 1122 940 habuisse
1138 899 1189 962 ap-

30 987 132 1061 paret.
167 974 420 1039 Ariobarzanen
444 985 475 1037 et
489 974 669 1038 Ariarathen
695 976 771 1058 apud
788 973 917 1038 Hirtium
942 991 1188 1042 commemoratos
1254 1053 1257 1058 Ι

31 1078 112 1143 filius
130 1079 237 1141 luisse
254 1075 480 1139 Ariobarzanis
496 1072 563 1139 Cio.
582 1078 617 1139 ad
634 1075 720 1139 Fam.
739 1074 780 1152 ll,
803 1077 852 1154 17,
870 1078 891 1140 2
906 1081 1103 1143 domonstrat.
1130 1077 1189 1144 Ce-

34 1190 138 1245 terurn
155 1181 229 1265 ipsa
245 1179 357 1257 uerba,
375 1199 451 1265 qnae
466 1179 611 1263 snpplrni,
630 1200 677 1242 me
692 1200 752 1242 non
769 1191 921 1262 praestare
943 1183 996 1244 nis
1020 1194 1086 1260 est,
1111 1183 1189 1266 quod

36 1304 202 1347 monum.

135 1382 178 1451 C.
197 1382 243 1449 72
257 1386 304 1449 in.
329 1385 475 1449 edebatur
500 1384 585 1451 ‘Zela
608 1399 655 1450 est
678 1388 816 1472 oppidum
832 1388 862 1449 in
879 1385 977 1451 Ponto
993 1391 1090 1473 positu
1107 1390 1185 1474 ipso,

42 1490 131 1553 utin
154 1489 251 1572 plano
274 1490 362 1562 loco,
386 1490 460 1553 satis
482 1494 643 1554 munitum:
671 1492 801 1555 tumulus
824 1492 902 1554 enirn
926 1493 1072 1555 naturalis
1095 1493 1187 1555 ueluti

42 1612 141 1655 uranu
159 1592 265 1656 laetus
281 1591 450 1655 excelsiore
467 1574 731 1678 undique‘l'astigio
747 1592 871 1656 sustinet
891 1594 1029 1657 rourum'.
1049 1591 1081 1657 ln
1098 1593 1185 1657 codd.

42 1692 169 1780 legitur
191 1692 292 1759 ‘Zela
312 1705 359 1757 est
381 1695 518 1779 oppidum
541 1696 573 1758 in
589 1693 688 1759 Ponto
711 1696 857 1780 positum,
883 1696 978 1778 ipsum
1004 1707 1037 1758 nt
1051 1698 1081 1759 in
1099 1698 1187 1781 plano

44 1794 125 1859 loeo
150 1796 231 1859 satis
251 1796 419 1861 munitum’.
451 1798 550 1880 Atque
571 1798 645 1861 haec
667 1810 750 1862 recta
775 1796 989 1879 Oudendorpio
1012 1799 1079 1860 nisa
1103 1810 1185 1862 sunt.

47 1892 179 1963 Verum
195 1898 304 1975 exiis,
326 1922 402 1983 quae
424 1900 640 1985 adiunguntur,
665 1913 789 1984 apparet
806 1900 911 1965 Zelarn
928 1901 987 1962 situ
1003 1901 1077 1962 satis
1094 1901 1188 1963 mnni-

47 2011 119 2066 tam
137 2002 300 2087 luisse,[iis
313 2014 426 2081 auteur,
444 2024 520 2090 quae
536 2005 566 2067 in
582 2005 666 2067 codd.
686 2005 838 2089 leguntur,
857 2003 997 2086 operibus
1014 2003 1126 2065 narrarita
1145 2002 1188 2065 di·

50 2116 192 2171 ceretur.
225 2104 274 2169 Ad
289 2105 467 2170 sententiam
484 2105 576 2191 igitur
590 2118 673 2170 recta
689 2117 770 2183 sont,
789 2126 863 2188 quae
879 2107 1019 2169 eduntur.
1045 2102 1108 2167 Sed
1124 2115 1188 2187 pot·

52 2220 120 2273 erat
136 2208 229 2293 paulo
253 2209 373 2293 propius
393 2209 429 2271 ad
445 2209 531 2272 codd.
549 2209 667 2288 accedi,
686 2211 776 2272 atita
792 2210 999 2271 scriberetur:
1034 2206 1123 2269 ‘Zela
1140 2217 1188 2270 est

53 2312 197 2398 oppidum
213 2312 244 2375 in
260 2308 373 2390 Ponto,
395 2313 522 2396 positum
537 2312 643 2393 ipsura,
662 2322 696 2375 ut
710 2312 740 2374 in
759 2312 858 2395 plano,
877 2313 943 2376 loco
959 2311 1033 2373 satis
1049 2307 1185 2373 rnunito'.

53 2412 206 2501 Oppidum
230 2414 328 2499 ipsum
349 2412 424 2479 satis
447 2414 560 2477 munito
581 2416 646 2477 loco
664 2416 789 2498 positum
807 2416 934 2490 dicitur,
960 2414 1026 2496 qnia
1050 2413 1187 2497 proxima

55 2520 142 2604 plana
158 2530 263 2593 eraut,
280 2538 347 2601 eum
364 2518 458 2600 ipsum
474 2517 506 2580 in
522 2526 622 2580 monte
638 2517 763 2579 iaceret.
783 2514 899 2581 Similia
911 2518 983 2581 haec
999 2526 1070 2580 sunt
1084 2537 1111 2578 c.
1128 2514 1184 2593 28,

57 2620 76 2687 3
91 2622 292 2687 ‘consederat
315 2640 380 2681 cunr
396 2619 489 2703 copiis
505 2641 561 2682 rex
578 2621 644 2683 loco
660 2629 767 2682 natura
783 2622 915 2698 munito,
942 2621 1017 2703 qnod
1042 2628 1107 2681 erat
1123 2618 1187 2702 ipse

58 2726 211 2791 excelsior
225 2722 350 2809 planitie
366 2744 407 2785 ex
421 2722 558 2786 omnibns
575 2723 710 2806 partibus
732 2723 883 2785 strhiecta’
907 2734 938 2785 et
960 2722 1018 2797 36,
1043 2720 1063 2782 3
1090 2720 1187 2801 ‘arnoll

59 2828 197 2913 oppidum
222 2827 351 2911 positum
373 2827 404 2888 in
420 2827 565 2889 Armenia
589 2827 704 2889 minore
720 2835 767 2887 cst
782 2825 870 2909 plano
885 2826 980 2911 ipsum
997 2826 1063 2887 loco
1080 2821 1187 2883 monti·

58 2926 109 2995 lus
125 2942 230 2994 tamen
247 2929 317 2992 altis
333 2928 370 2992 ab
387 2930 500 2992 duobus
517 2928 661 2991 lateribus
679 2928 825 2990 obiectis’.

138 3029 269 3095 lnitiun
284 3054 312 3095 e.
329 3030 370 3094 77
387 3033 417 3094 in
434 3032 520 3095 eodd.
538 3032 580 3093 ita
596 3032 738 3114 scriptum
755 3041 820 3093 est:
840 3028 921 3093 ‘Tali
935 3029 1062 3092 uictoria
1076 3027 1187 3090 totiens

61 3136 155 3199 uictor
170 3130 292 3199 Caesar
306 3134 472 3197 incredibili
489 3145 537 3196 est
551 3134 663 3197 laetitia
680 3133 822 3210 allectus,
846 3134 924 3215 quod
947 3131 1110 3194 maximnm
1126 3128 1188 3194 bel·

60 3236 115 3301 lcru
130 3249 217 3303 tauta
232 3238 392 3301 eeleritate
408 3239 599 3313 confecerat,
625 3239 762 3319 qnodque
786 3236 875 3297 subiti
900 3234 1024 3319 periculi
1046 3232 1188 3296 recorda-

62 3340 136 3407 tiuue
150 3342 280 3417 laetior,
304 3341 381 3423 quod
398 3340 525 3402 uictoria
542 3339 639 3403 facilis
655 3360 696 3401 ex
711 3338 891 3402 difficillimis
907 3337 997 3401 rebus
1012 3335 1185 3399 acciderat'.

64 3438 115 3505 Hic
127 3452 216 3509 reete
231 3442 332 3506 editur
347 3440 531 3505 ‘recordatio
547 3452 593 3503 est
607 3440 744 3519 laetior'‚
772 3441 848 3523 qnod
864 3441 990 3525 pnmnm
1007 3439 1038 3501 in
1055 3438 1102 3500 ed.
1119 3434 1189 3498 Me·

8 3540 12 3613 l
67 3542 502 3628 diol.a.1477positumest.
536 3539 597 3606 Sed
619 3555 717 3608 restat
738 3544 864 3607 alterum
889 3543 1006 3605 uitium.
1038 3536 1189 3603 Perncrse

69 3647 135 3711 euin
149 3650 251 3713 altera
267 3647 400 3712 laetitiae
416 3646 636 3729 accerrimae
652 3668 708 3730 per
722 3647 857 3731 copulam
879 3645 1070 3728 adiungitur,
1099 3641 1191 3703 tertia

72 3750 193 3833 copulam
210 3773 273 3815 non
290 3749 389 3815 habet.
422 3746 539 3813 Deinde
554 3749 654 3832 inepte
671 3744 789 3812 Caesar
803 3749 871 3811 ideo
888 3749 1015 3811 laetatus
1031 3764 1100 3808 essa
1116 3743 1191 3806 dici-

74 3856 122 3924 ltt,
135 3853 205 3937 quia
220 3853 314 3918 subiti
330 3852 455 3936 periculi
470 3851 639 3917 recordatio
650 3863 733 3915 esset
747 3851 867 3928 laetior,
886 3849 970 3932 quasi
986 3848 1012 3909 is
1023 3848 1189 3910 delectatus

77 3964 142 4017 eset
154 3956 343 4041 reputando,
367 3976 455 4039 quam
477 3955 659 4039 uulrrptatenr
682 3975 723 4018 ex
738 3954 881 4018 memoria
898 3952 985 4016 huius
1001 3949 1125 4034 periculi
1141 3968 1191 4010 ca·

79 4064 167 4134 pturur
180 4070 275 4125 esset.
297 4056 341 4121 Ht
354 4058 423 4143 qnid
438 4059 481 4122 ita
495 4058 587 4123 subiti
603 4056 728 4143 periculi
743 4055 912 4122 recordatio
928 4053 1038 4118 laetior
1053 4062 1100 4116 eat
1115 4049 1192 4112 alius

80 4158 185 4234 reticuli
205 4161 437 4227 recordatione?
476 4158 673 4227 Scribendnrn
703 4169 769 4225 erat
793 4166 927 4242 ‘quoque
952 4154 1042 4219 subiti
1065 4144 1193 4235 periculi
