2646 5124
512 592 814 658 ...54-

104 776 170 839 rior
183 783 251 849 est,
267 770 311 833 ita
325 779 359 832 ut
375 766 500 852 ‘supra'
517 766 666 851 propriam
682 776 712 829 et
727 775 898 850 perpetuam
914 762 1169 849 significationem
1182 788 1229 833 re·

104 877 209 940 tineat.
239 870 385 939 Similiter
404 870 497 955 igitur
518 870 575 933 boc
596 890 614 931 a
637 864 823 933 Schneidero
843 866 1024 953 disputatum
1052 879 1121 947 cst,
1143 880 1229 955 stqm

102 979 181 1061 quod
197 979 234 1040 dc
248 974 278 1039 b.
297 973 378 1038 Gall.
395 970 443 1051 ll,
461 970 515 1050 30,
532 970 553 1034 l
569 970 706 1034 uitiosam
722 970 856 1034 codicum
871 970 1051 1055 scripturam
1070 979 1153 1037 ‘nam
1169 974 1227 1057 plc-

101 1100 228 1163 rumque
243 1079 381 1141 omnibus
396 1074 493 1141 Gallis
507 1094 581 1157 prae
597 1074 800 1157 magnitudine
815 1094 974 1157 corporum
989 1094 1113 1138 suorum
1130 1074 1227 1140 breui·

102 1194 149 1246 tas
164 1190 270 1245 nostra
286 1177 467 1263 contemptui
483 1176 551 1254 est'‚
570 1177 618 1240 ubi
634 1187 717 1239 recto
732 1178 876 1241 edebatur
891 1176 1103 1255 ‘bominibus’,
1120 1178 1166 1242 ita
1180 1178 1227 1243 do-

103 1284 209 1362 lendit,
227 1295 258 1347 ut
276 1285 463 1369 ‘plerumque
478 1280 593 1344 omnes'
608 1279 743 1365 intellegi
760 1279 895 1358 iuberet,
917 1279 967 1363 qui
984 1284 1100 1364 ‘paene
1114 1282 1227 1347 omues’

101 1386 160 1450 dici
176 1394 387 1459 consuessent,
405 1393 434 1446 et
451 1383 525 1446 baec
539 1382 706 1446 ascriberet
721 1380 763 1461 V,
780 1382 834 1460 b7,
860 1380 880 1447 3
904 1382 1040 1466 ‘equites
1054 1382 1228 1468 plerumque

101 1510 209 1554 omnes
225 1489 283 1553 tela
300 1487 379 1550 intra
394 1486 503 1549 uallum
520 1485 725 1549 coniciebant*
750 1496 782 1549 et
798 1482 873 1562 Vll,
890 1484 952 1563 84,
969 1484 990 1549 5
1005 1485 1127 1549 '‘omuio
1149 1478 1227 1551 ertin'

102 1593 292 1677 plerumque,
316 1609 391 1671 quae
413 1588 539 1664 absunt,
564 1586 771 1652 uehementius
793 1587 947 1652 bominum
970 1598 1088 1651 mentes
1111 1598 1229 1673 pertua·

101 1694 196 1758 baot’:
214 1693 320 1771 ortibus
336 1691 410 1754 locis
425 1690 493 1772 quid
509 1689 677 1773 impediret,
694 1691 867 1774 quominus
889 1688 1100 1774 ‘plerumque’
1120 1710 1228 1775 pem·

101 1806 169 1879 gata
185 1794 406 1878 significatione
422 1792 524 1857 uerbis
539 1792 786 1878 coniungantur,
804 1793 912 1857 uellem
927 1792 1134 1877 exposuisset.
1173 1793 1229 1858 At·

102 1919 160 1981 que
177 1897 250 1961 baec
265 1918 403 1975 orrares,
421 1895 498 1980 quod
513 1896 688 1960 necessario
706 1897 773 1972 ‘its,
790 1895 833 1959 uti
849 1896 948 1960 antea'
964 1896 1132 1980 ponendum
1147 1906 1226 1977 erat,

100 2000 181 2064 illam
197 2000 375 2084 optimorum
391 1998 525 2071 codicum
540 1998 717 2082 scripturam
734 1998 838 2062 lalsam
854 2020 923 2063 csse
938 1999 1122 2082 comprobat.
1167 1996 1229 2065 lu·

101 2123 171 2189 que,
188 2123 227 2166 oe
242 2104 350 2186 longus
366 2101 442 2180 sim,
458 2100 488 2164 id
503 2100 658 2179 omittam,
675 2120 763 2183 quam
779 2112 862 2166 recte
877 2096 996 2165 Caesar
1011 2122 1063 2179 ea,
1089 2120 1167 2185 quae
1180 2100 1229 2167 bic

100 2206 179 2269 lacta
195 2215 368 2281 narrantur,
386 2226 452 2268 oum
467 2204 518 2281 iis,
535 2224 611 2285 quiae
626 2225 654 2268 c.
671 2203 727 2281 Ὦ,
743 2204 810 2269 2se
825 2204 934 2269 lenisse
950 2204 1225 2283 tcmomumerm,

101 2317 329 2392 comparaturus
345 2307 438 2371 luisse
454 2306 603 2370 uideatur.
650 2304 686 2371 Io
708 2308 833 2390 reliquis
854 2305 1007 2370 codicibus
1022 2316 1146 2391 praeter
1160 2328 1228 2393 per·

102 2431 213 2494 paucos
229 2409 371 2491 scriptum
387 2419 432 2472 est
450 2409 505 2472 ‘ita
521 2409 564 2471 uti
580 2430 669 2494 supra
685 2432 719 2475 se
734 2412 765 2473 in
780 2431 895 2473 sommo
911 2410 991 2493 iugo'
1007 2420 1080 2473 cett.
1103 2407 1180 2475 lude
1195 2411 1227 2475 iu

100 2533 162 2575 uuo
177 2510 322 2575 Leideusi
336 2512 450 2589 codice,
468 2512 612 2590 secundo,
631 2523 664 2575 ut
678 2511 819 2591 arbitror,
837 2514 972 2577 ellectum
989 2523 1048 2591 est,
1066 2514 1145 2595 quod
1161 2510 1227 2579 (lu-

100 2613 282 2698 dendorpius
303 2612 411 2676 edidit:
440 2615 501 2677 ‘ita
525 2615 567 2676 uti
583 2636 672 2700 supra
689 2636 722 2679 se
737 2617 767 2678 io
784 2637 900 2679 sommo
915 2617 985 2699 iugo
1001 2616 1074 2679 duas
1090 2615 1227 2701 legiones

98 2752 142 2767 -
158 2727 189 2782 ut
205 2716 305 2779 omnia
319 2716 432 2781 auxilia
449 2717 620 2780 collocarct'
637 2729 708 2782 cett.
742 2717 854 2781 Verum
870 2729 933 2781 tum
949 2729 1083 2781 extrema
1108 2725 1164 2782 ‘aa
1179 2730 1227 2783 to·

98 2828 161 2881 tum
177 2831 310 2882 montem
330 2819 499 2883 bominibus
517 2820 656 2904 compleri
681 2835 711 2885 et
731 2822 847 2884 interea
870 2820 1006 2884 sarcinas
1029 2821 1059 2883 in
1076 2842 1167 2885 unum
1182 2821 1227 2887 lo·

98 2942 166 2985 cum
181 2921 313 2985 conlerri
330 2931 361 2984 et
376 2942 442 2984 eum
459 2922 495 2985 ab
511 2922 560 2999 iis,
578 2923 626 3005 qui
638 2925 669 2986 in
682 2926 838 3008 superiore
850 2924 914 2987 acie
931 2922 1145 3002 constiterant,
1161 2946 1226 2990 mo·

98 3022 157 3087 uiri
172 3023 269 3087 iussit'
287 3024 381 3086 lorma
396 3025 542 3089 orationis
558 3026 783 3110 coniunguntur
797 3049 863 3090 num
880 3027 994 3111 primis,
1012 3047 1078 3088 eum
1093 3047 1144 3090 res
1157 3048 1226 3111 pem

98 3125 194 3189 tineat
209 3125 247 3188 ad
263 3147 315 3204 ea,
337 3148 414 3211 quaa
429 3128 565 3212 proxima
581 3129 737 3211 superiora
752 3140 834 3192 sunt.
881 3127 985 3213 ltaque
1000 3139 1085 3192 rente
1102 3124 1226 3194 Ouden-

96 3225 218 3312 dorpius
234 3231 404 3313 suspicatus
420 3241 467 3293 est
481 3241 598 3294 retento
614 3232 666 3295 illo
684 3233 758 3295 ‘sed'
774 3232 952 3316 optimorum
975 3231 1109 3295 codicum
1133 3232 1226 3297 uerba

99 3327 154 3391 ‘ita
169 3330 212 3393 uti
229 3333 328 3414 supra'
344 3333 474 3418 ascripta
487 3335 686 3399 existimanda
703 3356 771 3398 esse
783 3335 820 3397 ab
833 3356 881 3411 ro,
899 3336 947 3417 qui
964 3335 1011 3398 bic
1026 3334 1123 3397 locum
1140 3334 1225 3399 illum

96 3431 204 3515 capitis
219 3431 280 3512 22,
298 3456 385 3522 quem
402 3456 493 3520 supra
510 3436 614 3521 posui,
632 3438 844 3500 eonferendum
860 3438 1019 3501 iudicaret.
1065 3432 1153 3517 Quod
1170 3458 1225 3502 au·

95 3542 157 3595 tem
172 3528 375 3599 Schneiderus
392 3549 549 3622 practerea
564 3558 605 3600 ex
626 3540 764 3602 omnibus
785 3540 937 3602 codicibus
953 3539 1086 3603 restituit
1109 3540 1225 3623 ‘logio-

94 3652 167 3695 uum
183 3647 326 3721 quattuor
342 3638 583 3717 ueteranorum’,
608 3641 678 3703 mibi
702 3663 761 3704 non
785 3643 981 3725 persuadetur
996 3637 1161 3705 Caesarem
1181 3643 1225 3707 ita

93 3734 273 3821 scripsisses
298 3751 474 3804 constanter
488 3743 566 3805 enim
583 3743 724 3808 dicuntur
740 3751 915 3808 ‘ueteranus
930 3744 1087 3829 legiones’.
1135 3741 1226 3826 Quod

93 3836 120 3900 si
136 3839 203 3921 quis
219 3840 345 3905 alterum
362 3854 445 3907 recte
460 3845 517 3907 dici
535 3845 661 3928 probare
678 3848 778 3924 uolet,
798 3847 827 3910 ei
842 3847 872 3909 id
887 3849 982 3931 ipsum
998 3846 1147 3929 exemplis
1163 3848 1225 3913 erit

93 3940 328 4007 conlimucndum
344 3957 433 4028 atque
448 3946 605 4022 eiusmodi,
623 3950 659 4011 de
672 3950 779 4032 quibus
792 3949 928 4013 dubitare
944 3971 1006 4013 oon
1019 3949 1120 4012 liceat.
1138 3947 1224 4014 Naro

92 4042 170 4123 qood
185 4044 317 4108 tironum
332 4046 468 4132 legiones
486 4050 634 4129 dicuntur,
653 4051 711 4114 alia
727 4053 792 4115 eius
807 4053 945 4116 uocabuli
964 4054 1058 4114 lorma
1073 4061 1132 4115 est.

179 4138 220 4209 C.
238 4145 299 4226 28,
323 4147 441 4214 brente
458 4150 688 4237 Oudendorpius
710 4156 844 4219 ediderat
873 4156 971 4239 ‘quod
993 4155 1131 4217 omnibus
1160 4155 1223 4217 lru-

92 4245 322 4315 ctibmnmisns
337 4251 414 4315 domi
431 4254 504 4317 nibil
520 4266 597 4332 erat,
615 4279 672 4339 quo
689 4258 794 4322 famem
811 4260 987 4334 tolerarent,
1005 4256 1222 4339 Allobrogibus

92 4348 268 4434 imperauit,
285 4364 320 4419 ut
333 4354 371 4420 iis
387 4355 528 4421 lrrrnreuti
543 4360 657 4442 copiam
674 4361 828 4425 lacereot'.
861 4359 942 4424 Num
959 4381 1026 4423 cum
1050 4359 1221 4423 ‘fructibus’

95 4452 235 4537 seriptum
251 4456 293 4520 sit
307 4456 338 4520 io
355 4458 456 4521 codice
472 4462 600 4524 omnium
617 4463 740 4545 optimo,
759 4461 857 4547 Bong
876 4485 920 4546 pr.
935 4510 943 4537 ,
960 4474 989 4526 et
1006 4483 1046 4525 ex
1063 4462 1158 4525 altera
1173 4462 1221 4525 iu·

97 4564 248 4643 legeorum
261 4571 346 4643 parte
361 4561 393 4625 iu
407 4558 496 4645 Egm.
516 4576 547 4628 ct
561 4564 649 4628 Vrat.
669 4586 714 4648 pr.
728 4611 737 4642 ‚
760 4565 864 4629 borum
882 4566 1047 4629 auctoritas
1064 4586 1124 4628 uon
1140 4564 1222 4627 cedit

99 4661 259 4729 onomat
272 4660 343 4729 Par.
366 4683 413 4750 pr.
436 4674 467 4729 et
481 4663 574 4731 Voss.
592 4688 638 4752 pr.
663 4689 730 4731 cum
752 4668 941 4752 interpolatis
957 4679 989 4732 et
1002 4667 1153 4751 plerisque
1168 4669 1220 4733 de·
