2646 5124
426 596 749 665 ...m-

61 770 162 839 :renit'
189 768 388 855 praemissam
404 768 549 857 losephns
564 768 703 857 Scaliger
723 774 879 839 delendum
901 778 1146 863 cignidcanerats

61 896 100 943 aar
115 872 346 959 reprehendunt
361 883 392 936 et
408 874 633 959 indignabundi,
650 898 706 939 cnr
720 878 748 940 id
766 878 1062 966 lecerit,reqnirnnt.
1079 884 1148 953 Sci·

61 976 225 1043 rtnidelat
240 976 291 1039 ille
306 975 434 1040 relation
449 978 548 1062 posito
562 980 744 1043 sententiam
757 982 794 1044 ad
805 984 903 1047 solnm
911 982 1083 1070 Scipionem
1096 1010 1146 1053 re·

61 1082 97 1159 ri,
108 1080 275 1164 participio
292 1078 495 1145 ‘bellantibus'
509 1081 627 1146 adiecto
642 1081 678 1144 ad
695 1085 994 1169 omnes‚qnicnmqne
1005 1110 1145 1172 nmqnnm

61 1184 117 1249 lam
133 1193 299 1267 gererent.
323 1180 386 1247 Sed
400 1182 528 1247 relatino
543 1184 661 1248 sublato
676 1186 851 1249 coniunctio
866 1187 971 1251 norom
987 1192 1144 1259 nerbornni

61 1284 309 1371 araperioriltos
325 1284 450 1349 tollitur.
467 1283 570 1368 ltaque
586 1288 685 1371 potins
695 1287 898 1352 ‘bellantibus'
914 1290 1072 1357 delendnrn
1086 1308 1144 1359 cst.

61 1390 166 1471 gintro
181 1388 265 1453 cnim
282 1387 495 1452 declarandam
512 1388 690 1467 uidebatur,
707 1390 754 1452 eni
770 1391 922 1475 propriam
938 1395 1080 1476 gandium
1095 1399 1147 1461 tri·

61 1510 111 1557 nn
126 1512 193 1555 non
209 1502 307 1555 essct.
325 1488 571 1573 Insequentibus
587 1489 689 1554 uerbis
704 1492 796 1556 haece
809 1496 1147 1579 ·tmmenttgmtis’nm
1222 1506 1224 1511 ’

61 1606 156 1669 ¹aatnr
169 1594 233 1658 nisi
248 1592 282 1657 in
298 1614 361 1657 nno
375 1602 408 1657 et
420 1593 516 1657 altero
531 1594 715 1657 deteriorum
728 1595 814 1657 codd.
824 1605 857 1658 et
875 1616 913 1659 ne
924 1598 956 1660 ia
972 1598 1146 1682 hisgnidcnr

61 1718 83 1763 ia
103 1696 325 1782 discrepantia.
356 1694 412 1759 llis
432 1696 537 1761 deletis
559 1696 674 1779 reliqna
689 1692 833 1761 Clarkins
855 1698 930 1762 nidit
943 1700 975 1765 in
992 1698 1147 1765 Vossiann

61 1800 121 1865 lire
135 1810 221 1865 recte
234 1800 279 1864 ita
292 1800 479 1863 conformata
490 1820 576 1863 csse:
589 1806 729 1881 ‘namque
738 1796 927 1865 Caesaream
937 1814 1053 1887 partem
1062 1806 1145 1887 eqni·

61 1922 96 1969 ar
109 1900 293 1987 aniLeptim
309 1901 454 1979 misisset,
465 1902 496 1965 in
511 1900 630 1965 itinere’
645 1913 718 1965 cett.
742 1900 828 1985 Quae
838 1903 1014 1983 edelantnr,
1024 1926 1144 1971 nonro-

61 2006 264 2083 ntus-issima,
277 2005 332 2067 sed
345 2024 385 2068 ne
392 2025 466 2067 sana
476 2004 593 2087 quidem
607 2015 705 2069 erant.
718 2002 894 2085 cumcuim,
908 2009 1052 2092 qnidcnrn
1059 2018 1144 2091 parta

61 2110 170 2174 nitatur
183 2108 311 2171 missam
327 2117 422 2184 esset,
432 2126 521 2171 nemo
534 2108 599 2192 ipse
614 2108 790 2191 intellegere
805 2119 919 2193 posset,
930 2110 958 2172 id
968 2110 1145 2174 necessario

61 2210 318 2287 clarandnmerat,
329 2210 402 2273 item
418 2209 575 2293 participio
584 2209 705 2275 ‘adorti’
713 2212 880 2275 subiectum
889 2222 955 2273 erat
962 2211 1142 2276 addendum.

107 2308 234 2375 lnitinrn
247 2310 324 2377 eta
339 2312 386 2377 ric
400 2312 498 2376 edidis
518 2308 650 2377 ‘Caesar
664 2312 785 2375 interim
801 2314 941 2377 celeriter
956 2333 1010 2396 per
1024 2314 1146 2377 nuntios

77 2413 212 2491 nstris,
233 2434 296 2479 enm
311 2436 405 2499 opera
418 2414 612 2493 circumiret,
635 2414 750 2478 certior
765 2417 881 2493 iaetus,
898 2434 976 2497 qnae
990 2414 1148 2477 alteranta

61 2528 108 2581 rtn
123 2516 207 2581 uilia
223 2538 361 2602 passuum
377 2538 447 2596 sex,
464 2538 541 2600 equo
557 2517 688 2581 admisso
703 2518 824 2581 omissis
839 2518 977 2582 omnibns
992 2516 1084 2580 reboo
1099 2536 1147 2579 oe·

61 2620 124 2687 iter
137 2622 279 2705 proruit
295 2617 415 2704 Leptim
430 2620 530 2705 ilique
545 2620 694 2698 hortatur,
711 2640 817 2683 omncs
831 2631 866 2683 nt
880 2640 915 2684 se
930 2638 1026 2683 naues
1042 2638 1147 2683 eonse-

61 2732 203 2803 crentur,
220 2722 354 2808 [postea]
371 2723 436 2806 ipre
450 2722 606 2806 narnnlnm
618 2722 802 2805 nauigiolnm
814 2722 1002 2799 conscendit,
1012 2720 1044 2783 in
1056 2740 1148 2785 corso

61 2826 158 2911 milam
172 2825 365 2889 mnltitndine
379 2827 500 2889 naninm
515 2825 706 2911 perterritum
722 2835 811 2909 atque
828 2825 1024 2908 trepidantem
1040 2832 1147 2887 nactus

61 2928 148 2995 ollam
164 2930 296 2993 classem
310 2929 397 3013 seqoi
411 2929 532 3013 coepit’.
551 2928 610 2993 llic
624 2929 661 2992 de
675 2929 800 3012 reliquis
814 2927 905 2992 relos
920 2950 981 2991 non
995 2938 1056 3005 est,
1065 2926 1145 3009 qnod

61 3042 154 3097 atnrc
178 3052 235 3117 pro
254 3032 314 3097 illis
331 3040 449 3116 ‘postea
470 3032 558 3114 iord,
574 3052 651 3117 qnae
673 3033 815 3116 leguntur
834 3031 866 3095 in
881 3029 952 3095 Par.
969 3052 1035 3096 sec.
1052 3026 1145 3093 Leid.

61 3184 63 3197 .
78 3132 184 3211 Stel,
199 3135 339 3217 ‘primum
353 3134 429 3219 ipsc'
444 3134 555 3211 editur,
569 3134 631 3211 cni,
641 3132 712 3215 qnid
727 3133 867 3217 deinceps
881 3135 1076 3217 respondent,
1087 3152 1148 3196 non

61 3236 122 3303 loo.
142 3234 281 3301 ‘Postea'
296 3248 397 3301 antem
413 3256 525 3300 mamm
544 3246 576 3299 et
588 3235 810 3299 cunctationem
823 3236 916 3297 inlcrt
926 3256 945 3295 a
956 3232 1149 3297 destinatione

61 3338 168 3407 imarii
182 3338 408 3405 alienissimam.
433 3336 538 3422 ltaque
554 3339 612 3402 linc
626 3337 785 3403 delendum
800 3335 982 3419 significani.

105 3438 149 3507 G.
163 3438 208 3505 ot
220 3442 265 3505 in.
282 3442 357 3506 laec
371 3444 403 3507 in
418 3444 506 3507 codd.
519 3443 677 3529 leguntorc
697 3434 830 3502 ‘Caesar
844 3437 964 3501 interim
979 3436 1017 3500 de
1032 3433 1150 3500 insidiis

61 3543 156 3611 ibieai
169 3562 209 3609 en
223 3545 358 3629 perlegis
373 3548 484 3611 certior
497 3548 593 3609 iactos
605 3564 718 3628 pancos
731 3543 795 3608 dies
807 3540 1071 3615 ilicommoratnr,
1080 3539 1149 3603 dnm

61 3658 125 3713 ntea
140 3650 295 3715 cotidiano
310 3652 446 3715 instituto
462 3670 553 3734 saepe
567 3648 645 3713 idem
662 3646 799 3711 iaciendo
815 3645 846 3709 in
863 3642 1083 3728 neglegentiam
1097 3645 1150 3706 ad-

61 3762 216 3831 derentur,
231 3752 330 3818 subito
345 3774 434 3819 mano
448 3754 576 3838 imperat
589 3761 676 3835 porta
691 3751 857 3813 decumana
872 3747 1006 3833 legiones
1021 3766 1057 3809 se
1072 3742 1150 3810 vltt

61 3864 187 3919 leranas
197 3876 264 3919 cnm
273 3868 359 3941 parte
368 3854 611 3940 equitatnsseqni
620 3863 709 3935 atque
717 3848 864 3933 equitibus
872 3848 1046 3934 praemissis
1054 3867 1150 3929 neque

61 3958 182 4023 iaantas
205 3958 401 4024 insidiatores
416 3956 515 4022 subito
530 3958 561 4021 in
576 3954 762 4019 conuallibus
777 3953 907 4017 latentes
921 3952 981 4017 leni
997 3960 1151 4016 armatura

61 4061 154 4127 mitit
170 4058 342 4140 cimiterii,
353 4062 484 4145 reliquos
493 4062 524 4124 in
539 4061 637 4144 lngam
653 4058 853 4142 turpissimam
862 4054 1012 4121 coniecit'.
1033 4050 1152 4117 Nume-

61 4184 88 4227 ιι
97 4162 176 4233 Vlll
192 4165 343 4251 legionum
360 4176 571 4229 ueteranorum
585 4174 700 4225 rectum
716 4181 777 4226 non
790 4180 871 4237 ease,
880 4180 970 4241 snpra
983 4152 1087 4241 mtto
1101 4155 1153 4217 dc-

61 4268 204 4333 tnstrani.
214 4265 331 4332 Verum
340 4269 517 4353 panloante,
526 4265 606 4349 qnod
613 4260 1154 4347 Caesar‘pancosdiesilicommora-

61 4366 83 4435 t’
89 4370 216 4449 dicitnr,
225 4390 369 4455 peruerse
381 4370 443 4433 ‘ibi’
449 4370 583 4454 ponitur,
592 4388 659 4433 cnm
667 4378 781 4445 castra,
789 4386 865 4448 qnae
872 4365 937 4429 sola
945 4358 1079 4443 intellegi
1087 4374 1155 4440 pos·

61 4482 107 4553 al,
120 4474 216 4561 longe
230 4484 333 4550 antea,
349 4470 750 4552 somniculosissime
766 4466 968 4533 declaratione
983 4460 1154 4528 interiecta,

61 4588 312 4642 nmcmorcntnr.
330 4578 433 4660 Atqne
446 4586 479 4639 nt
492 4574 551 4640 lnoe
560 4573 771 4659 neglegentiae
779 4567 936 4653 scriptoris
944 4562 1155 4633 trilnercmns,

78 4678 142 4745 illia
164 4680 274 4747 carteia
296 4690 512 4746 commoratam
532 4696 603 4743 crae
617 4671 782 4741 &aaroni
803 4672 846 4735 ita
868 4669 986 4732 demum
1008 4670 1092 4723 recte
1105 4656 1158 4723 de·
