2646 5124
428 610 823 676 '—l⁰7—

82 782 121 845 ni
138 780 271 857 luerint,
288 790 321 843 et
336 800 406 865 pars
420 779 633 859 Aulercorum,
644 784 721 866 quod
737 783 797 846 illis
813 795 878 847 erat
893 786 1068 869 propinqua,
1081 784 1221 851 llraono-

84 884 184 949 nicurn
200 904 376 967 cognomen
391 885 558 948 asciueritl
593 882 688 948 Paulo
704 898 770 969 pust
786 908 840 970 pro
861 884 1043 951 ‘Velaunis'
1064 888 1096 951 in
1114 888 1216 953 llaun.

85 1006 128 1071 pr.
145 988 295 1070 scriptum
313 997 361 1050 cst
377 985 571 1065 ‘Vellaunis',
583 987 775 1052 ‘Vellauniis'
790 991 822 1054 in
837 988 920 1053 Scal.
938 1000 970 1052 ct
982 986 1103 1066 Cuiac„
1121 992 1152 1054 in
1168 1014 1218 1055 ce-

86 1090 158 1153 teris
174 1088 390 1174 Oudendorpii
415 1087 586 1153 ‘Vellanis’
602 1091 651 1155 uel
668 1091 864 1155 ‘Vettauiise
890 1094 1038 1176 posterius
1060 1092 1171 1171 legitur
1184 1096 1217 1157 in

86 1188 154 1257 Par.
172 1216 221 1276 pr.
250 1190 319 1256 lloc
334 1193 467 1277 reposui.
491 1190 572 1255 Nam
588 1189 730 1258 Straboni
747 1192 790 1258 IV
805 1215 836 1278 p.
853 1194 917 1259 ‘290
933 1196 1014 1257 Alm.
1033 1196 1218 1278 appellantur

87 1288 293 1371 Orialloil'om
323 1294 423 1377 ibique
452 1290 616 1360 liramcrns
645 1297 759 1361 monuit
788 1298 971 1381 singularem
1013 1296 1214 1361 ‘Vellanium'

88 1398 178 1483 legiis
188 1397 453 1481 inscriptionibus.
472 1398 558 1482 Apud
573 1394 702 1462 Ptolem.
713 1398 755 1477 II,
766 1392 1216 1477 7,20dicuutur0aia'lcuuor,

88 1512 118 1565 nt
138 1501 169 1565 ia
197 1499 396 1584 interpolatis
424 1500 509 1563 codd.
538 1495 691 1566 Caesaris.
731 1499 838 1566 Statim
867 1503 898 1565 in
931 1501 1093 1585 ‘plerisque
1120 1504 1217 1565 codd.’

87 1598 315 1686 Oudendorpii,
342 1599 417 1668 Per.
434 1623 481 1686 pr.
499 1601 599 1667 llaun.
617 1626 663 1691 pr.
688 1606 812 1669 innerso
834 1604 941 1669 ordine
958 1600 1140 1687 Sequanis,
1163 1600 1219 1669 Se-

88 1707 225 1771 nonibus'
240 1706 371 1791 legitur.
401 1702 444 1767 Et
458 1705 609 1791 deinceps,
625 1707 677 1771 ubi
692 1708 802 1785 editur,
827 1704 1067 1784 ‘Suessionibus,
1094 1707 1217 1771 Ambia-

88 1808 147 1886 nis‚
171 1806 438 1873 Mediomatricis’
458 1818 546 1887 cett,
569 1830 622 1892 pro
647 1807 906 1889 ‘suessionibus',
930 1831 1006 1894 quos
1021 1808 1217 1874 Vasoosanus

88 1912 193 1997 posuit,
210 1932 323 1975 rursus
338 1910 371 1974 in
387 1911 525 1974 omnibns
540 1912 627 1974 codd.
645 1914 788 1996 scriptum
805 1926 851 1978 est
869 1910 1076 1977 ‘Senonibus'.
1095 1910 1215 1977 Suessi-

89 2034 155 2079 ones
169 2014 296 2079 Hirtius
311 2010 403 2092 VIII,
427 2010 460 2090 6,
478 2012 499 2075 2
517 2013 622 2078 Remis
645 2016 805 2080 attributos
830 2017 923 2080 luisse
938 2018 1049 2093 refert,
1073 2016 1148 2099 qood
1171 2017 1215 2078 la-

89 2128 160 2181 ctan
177 2138 249 2182 esse
266 2118 505 2181 existimandum
521 2127 569 2181 est
583 2119 717 2182 secundo
739 2140 839 2197 anno,
857 2141 914 2202 qno
930 2114 1048 2183 Caesar
1068 2120 1099 2181 in
1115 2116 1216 2181 Gallia

90 2220 154 2297 luit,
178 2222 320 2283 conlecto
335 2220 416 2284 bello
431 2217 566 2303 belgico,
584 2242 645 2305 qun
658 2242 692 2284 se
708 2219 744 2283 ab
761 2220 878 2295 Remis,
898 2222 1071 2304 quibuscum
1086 2222 1145 2284 iam
1161 2242 1216 2283 an·

91 2330 138 2385 tea
159 2319 315 2385 ciuitatem
336 2324 578 2399 coniunxerant,
602 2334 816 2406 seperauersnt
837 2320 944 2408 (Caes.
969 2324 999 2385 b.
1023 2322 1105 2386 Gall.
1130 2319 1171 2399 ll,
1195 2321 1215 2385 3

94 2436 204 2505 earm).
242 2424 331 2489 Ilerni
356 2437 456 2491 autem
481 2427 536 2489 boc
560 2428 651 2490 totius
673 2424 791 2489 Galliae
819 2426 897 2490 bello
919 2424 1164 2489 constantissime
1184 2425 1216 2486 in

92 2527 216 2591 amicitia
231 2522 378 2591 Caesaris
394 2529 707 2613 permanserunttbui.
718 2551 826 2592 comm.
836 2526 890 2608 113,
901 2527 948 2607 7),
965 2547 1061 2610 neque
1077 2524 1215 2590 Suessio-

92 2630 199 2694 nesab
223 2630 262 2694 iis
284 2630 323 2693 ad
346 2629 477 2712 reliquos
499 2628 603 2694 Gallos
633 2633 779 2695 delet-isse
800 2634 869 2696 inde
891 2631 1112 2714 comprobatur,
1139 2630 1216 2711 qnod

91 2728 201 2797 Hirtius
217 2732 269 2796 illo
284 2732 373 2811 loco,
398 2753 484 2814 quem
507 2734 596 2816 paulo
611 2746 681 2798 ante
696 2734 945 2811 commemoraui,
966 2730 1146 2795 bellouacos
1161 2731 1216 2794 im·

91 2836 272 2917 pressionem
289 2836 321 2898 in
337 2836 413 2898 fines
427 2856 530 2898 eorum
547 2837 646 2900 lacere
662 2839 792 2901 noluisse
808 2849 923 2903 narrat.
954 2834 1061 2919 ltaque
1076 2831 1216 2899 Suessio·

91 2956 138 2999 aas
153 2937 203 3000 bic
216 2936 370 3001 nominari
387 2958 448 2999 non
462 2949 638 3020 potuerunt:
657 2951 761 3022 estque
777 2942 988 3025 perseipsum
1004 2939 1092 3022 longe
1108 2936 1215 3024 proba-

90 3038 170 3105 bilius
186 3042 292 3104 altero
307 3050 376 3102 ntro
391 3038 457 3101 loco
475 3036 628 3104 Senonum
653 3063 762 3106 nomen
783 3043 938 3107 delendum
956 3063 1036 3106 csse.
1072 3040 1125 3105 Ex
1149 3060 1215 3103 mea

89 3154 181 3207 antem
198 3143 336 3220 ratione,
353 3164 439 3225 qnam
454 3142 486 3205 in
502 3144 624 3227 reliquis
640 3146 772 3209 numeris
788 3147 946 3209 ineundam
962 3144 1095 3218 docebo,
1114 3152 1215 3225 posto·

89 3245 165 3311 nore
180 3245 345 3311 delendum
361 3255 426 3323 cst,
450 3256 480 3308 ct
500 3246 541 3309 ibi
564 3248 595 3311 in
619 3248 755 3332 margine
776 3245 960 3311 Parisiorum
984 3245 1097 3308 nomini
1120 3244 1216 3305 ascri-

90 3358 165 3433 ptum
184 3360 260 3437 puto
276 3346 315 3411 ab
331 3368 379 3425 eo,
394 3349 444 3435 qni
458 3360 617 3431 utrumqne
633 3351 771 3432 populum
793 3349 822 3411 in
838 3350 937 3415 insula
955 3344 1116 3429 Sequanae
1131 3343 1215 3411 bebi*

88 3461 149 3515 tare
164 3453 304 3535 antipae
319 3451 532 3515 scirctautcx
548 3451 577 3513 b.
597 3452 618 3514 1.
637 3451 689 3529 58,
707 3448 728 3513 3
743 3461 915 3535 cognosset.
957 3446 989 3510 ln
1006 3448 1108 3510 eadem
1126 3464 1219 3513 causa

89 3564 176 3637 eune
191 3548 335 3619 Senones
349 3564 417 3617 sunt
432 3552 630 3634 Lernuuiccs,
654 3555 704 3639 qui
720 3566 751 3619 et
773 3565 842 3643 post
856 3550 1036 3617 Bellouacos
1059 3561 1090 3613 et
1109 3549 1218 3611 iterum

89 3654 162 3720 inlra
177 3657 264 3721 inter
280 3658 416 3723 ciuitates
431 3656 606 3725 Armoricae
622 3658 825 3723 nominantur.
866 3655 950 3722 Inter
971 3652 1147 3717 Amnoricos
1162 3670 1217 3713 au·

89 3768 141 3823 ten
165 3760 213 3839 (id
228 3771 280 3823 est
294 3763 374 3825 inter
388 3782 452 3840 eos,
470 3761 520 3845 qui
535 3782 618 3826 mare
632 3762 822 3825 accolebant:
848 3760 904 3823 boo
919 3759 998 3821 enim
1020 3756 1091 3821 illud
1107 3758 1218 3819 nomen

89 3862 253 3948 significat)
271 3864 359 3947 plane
375 3864 547 3928 incredibile
562 3874 610 3927 est
623 3864 801 3927 Lemouices
816 3886 832 3926 a
850 3859 984 3927 Caesare
1005 3880 1074 3923 esse
1089 3857 1217 3929 relatos,

89 3984 156 4047 quos
179 3966 337 4029 Aruernis
359 3967 541 4050 propinquos
563 3966 656 4029 luisse
672 3988 712 4029 ex
728 3964 809 4029 Hirt.
829 3961 913 4042 Vlll,
930 3961 1024 4040 tut
1046 3962 1214 4027 uideamus,

88 4088 221 4153 quosque
244 4064 435 4132 Ptolemaeus
458 4066 500 4145 lt,
522 4066 555 4145 7,
581 4066 622 4129 111
649 4074 687 4133 ἓν
709 4072 751 4157 τῇ
772 4064 930 4155 μεσογείᾳ
959 4065 1110 4128 habitasse
1138 4060 1218 4122 rote·

90 4179 143 4233 rat.
177 4168 223 4233 At
239 4169 348 4233 deletis
363 4170 403 4233 ibi
419 4168 631 4234 Lemouicibus
647 4182 677 4235 et
692 4170 792 4255 priore
808 4172 875 4234 loco
892 4179 960 4255 post
975 4165 1154 4229 bellouacos
1170 4179 1218 4221 re·

90 4268 166 4337 lictis
182 4272 264 4336 ratio
279 4273 395 4337 exitum
411 4293 472 4335 nun
487 4272 616 4336 inuenit.
654 4270 760 4358 ltaque
774 4274 846 4341 mibi
863 4276 899 4336 de
915 4271 971 4335 bac
984 4288 1019 4333 rc
1034 4269 1078 4332 sic
1100 4263 1220 4327 uidetur

92 4374 281 4439 statuendum
304 4392 386 4437 esse.
427 4370 524 4439 Panlo
550 4375 697 4455 interius,
722 4378 774 4441 ubi
800 4378 900 4441 editor
922 4369 1132 4435 ‘Atrebatibus
1154 4361 1216 4438 nv,

94 4468 287 4553 bellocassis,
305 4473 468 4553 Lexouiis,
484 4476 629 4542 Aulercis
644 4476 839 4545 Eburonibus
853 4474 963 4553 terna',
986 4465 1218 4547 Oudendorpius

97 4586 214 4641 amour
228 4578 262 4642 in
288 4586 375 4643 ‘mss
392 4579 553 4665 plerisqnc'
576 4581 636 4667 legi
660 4590 705 4645 ‘et
718 4582 884 4658 Aulercis’,
910 4590 941 4643 et
961 4598 1028 4641 eam
1044 4564 1221 4655 pandoniam

97 4674 125 4738 iu
138 4681 256 4763 optimis
271 4681 361 4746 codd.
377 4680 416 4747 ab
429 4702 466 4747 eu
482 4704 551 4749 csse
564 4684 717 4749 inuentam
734 4683 843 4747 indicio
858 4690 917 4757 ost,
935 4678 1013 4760 qnod
1029 4670 1134 4736 cadem
1149 4663 1222 4727 mibi
1302 4726 1309 4737 .
