2646 5124
500 490 800 557 —87—

94 661 163 726 deut
178 660 296 744 palmae
314 658 453 743 nmique
467 660 762 727 latediliundnntnr’.
779 660 893 729 Notum
910 678 959 731 est
972 669 1092 737 dicendi
1106 694 1216 758 genno

92 784 140 846 pou
147 766 271 849 proprio
281 762 431 829 uocabulo
439 764 553 827 omisso
565 766 735 849 figuratum,
745 768 794 832 cui
808 768 881 831 illud
893 778 1218 855 comparatunsnbsti-

91 870 196 933 luitur:
221 869 256 933 in
280 888 339 952 qua
360 888 396 931 re
411 867 472 931 ctei
488 867 653 951 particulae
669 872 839 953 ‘tamqnam'
855 882 888 935 et
903 874 1010 956 ‘quusi'
1024 879 1146 961 saepius
1162 902 1216 965 po-

88 984 210 1050 nuntur,
238 983 340 1036 tamen
364 968 468 1033 ‘sicut’
488 971 600 1053 legitur
614 970 702 1035 etium
717 974 793 1057 apud
810 969 878 1037 Cic.
895 976 932 1039 de
945 977 1064 1040 iuuent.
1082 977 1124 1058 ΙΙ,
1142 980 1216 1058 3,8

88 1082 136 1141 ‘ex
150 1074 198 1138 bis
214 1073 332 1137 duabus
347 1072 479 1137 diuersis
498 1074 587 1137 sicuti
606 1074 748 1138 familiis'.
784 1076 835 1139 Ab
857 1096 971 1141 summo
986 1078 1083 1162 igitur
1102 1103 1211 1164 cornu,

85 1178 158 1262 pund
173 1176 290 1261 stipitis
305 1176 405 1239 locu·
420 1177 554 1255 obtinet,
579 1178 662 1260 quasi
683 1178 800 1260 palmae
814 1178 949 1261 ramique
971 1179 1095 1245 uiuenti
1110 1184 1213 1250 dicuu-

86 1292 141 1345 tur.
178 1278 264 1344 Nam
288 1289 323 1343 et
342 1281 444 1363 plures
466 1280 581 1363 palmae
595 1290 686 1355 sunt,
708 1300 774 1342 cnm
789 1278 811 1342 ii
826 1280 921 1353 rami,
945 1280 996 1363 qni
1011 1302 1031 1345 a
1045 1284 1145 1368 stipite
1160 1306 1215 1350 nu·

84 1394 222 1462 untur,
240 1402 353 1447 rursus
368 1382 445 1446 elios
460 1402 560 1447 remos
575 1380 729 1458 emittunt,
746 1392 778 1444 ct
791 1380 907 1465 palmae
922 1404 983 1447 non
999 1385 1114 1467 quidem
1129 1387 1215 1471 ipsae

85 1506 133 1571 per
145 1506 191 1563 se,
209 1487 266 1551 sed
282 1506 352 1549 cum
368 1486 460 1549 ramis
475 1486 653 1549 coniunctae
668 1484 728 1548 late
743 1484 960 1549 diffunduntur.

159 1586 200 1653 C.
219 1585 277 1663 43,
292 1588 316 1651 ⁴
331 1588 365 1651 in
380 1589 467 1651 codd.
483 1588 557 1652 haec
570 1587 683 1670 scripta
697 1595 785 1650 sunt:
805 1588 865 1651 ‘Ac
880 1607 970 1671 saepe
985 1588 1017 1652 iu
1032 1608 1099 1653 eum
1114 1590 1214 1653 locun

85 1703 199 1757 uentum
215 1702 267 1757 est
283 1691 416 1754 tantuin
432 1710 538 1755 omnes
553 1700 653 1774 partes
667 1689 765 1753 diuiso
779 1690 925 1773 equitatu,
942 1702 1051 1756 utnon
1066 1692 1154 1755 modo
1167 1693 1213 1756 ui·

84 1814 141 1859 sum
161 1792 200 1859 ab
224 1814 262 1859 se
284 1793 495 1877 Ambiorigem
517 1794 548 1856 in
564 1794 633 1878 biga
648 1792 913 1875 circumspicerent
926 1794 1034 1876 captiui
1051 1813 1107 1858 nec
1122 1795 1211 1880 plane

84 1899 161 1963 etium
184 1898 292 1962 abisse
315 1916 358 1961 ex
381 1907 545 1980 conspectu
564 1896 803 1973 contenderent,
827 1906 900 1960 cett.
939 1895 997 1961 llio
1022 1906 1095 1962 ‘non
1110 1892 1211 1961 modo’

84 2000 116 2065 ab
128 2022 163 2065 eo
179 2000 314 2084 positum
330 2020 401 2064 esse
416 2012 550 2083 apparet,
562 2000 612 2081 qni
624 2018 836 2083 responsorum
849 1998 895 2062 bie
909 1999 1019 2082 aliquid
1033 2001 1065 2064 in
1079 2020 1210 2083 sequen·

84 2104 156 2167 tibus
169 2104 275 2167 uerbis
290 2100 487 2165 existimaret
501 2120 607 2185 neque,
631 2104 779 2185 quomodo
793 2103 890 2166 solnm
914 2104 1022 2166 ‘modo'
1043 2106 1209 2184 diceretur,

84 2208 284 2289 intellegeret.
323 2202 431 2286 ltaque
455 2202 538 2267 ‘non'
561 2215 643 2267 reete
665 2204 695 2267 in
711 2203 793 2267 nno.
816 2215 847 2267 ct
861 2201 966 2268 Oxou.
988 2205 1135 2270 sublatum
1149 2214 1209 2269 ιιι.

85 2306 144 2374 Sed
164 2330 220 2373 cur
233 2328 339 2372 omnes
355 2304 565 2372 Vascosanum
586 2308 683 2371 secuti
706 2306 1009 2392 ‘circumspicerent'
1032 2307 1213 2388 deleuerint,

84 2412 217 2477 idoneam
239 2431 365 2475 causum
390 2430 451 2473 non
473 2409 603 2491 reperio.
643 2403 764 2494 Captiui
780 2411 860 2473 enim
875 2409 1100 2494 Ambiorigem,
1124 2429 1212 2492 quem

85 2516 167 2579 raudo
182 2514 354 2590 uidissent,
378 2511 477 2575 subito
498 2530 516 2575 ι
531 2521 693 2596 conspectu
715 2511 846 2576 ablutum
862 2524 927 2577 toto
944 2512 1072 2576 circuitu
1085 2512 1212 2575 circum·

84 2618 147 2683 latis
161 2619 259 2681 oculis
274 2614 461 2699 quaerebant
475 2612 651 2692 mirabundi,
669 2633 727 2695 quo
740 2616 941 2698 peruenisset,
958 2634 1055 2698 neque
1067 2612 1150 2678 abire
1161 2632 1213 2699 po·

84 2721 173 2787 tuisse
187 2720 248 2785 sibi
264 2720 323 2803 ipsi
339 2717 517 2781 credentes:
533 2728 563 2779 et
580 2717 700 2781 hercule
716 2718 877 2781 etiamnum
893 2737 928 2781 se
942 2738 1011 2782 eum
1026 2714 1131 2781 uidere
1146 2715 1212 2780 lon·

85 2824 188 2909 panno
203 2824 309 2905 aliquo
324 2821 391 2884 loco
406 2819 638 2883 contendebant.
677 2818 778 2901 Atque
797 2820 902 2883 eodem
926 2820 1013 2884 modo
1036 2820 1211 2904 circumspi-

83 3048 136 3093 sos
148 3028 283 3093 dicimus
306 3023 383 3089 ‘sich
397 3024 474 3089 nacb
489 3034 585 3088 etune
602 3023 751 3101 nmsebn’,
778 3020 895 3088 Caesar
916 3026 995 3088 dixit
1016 3025 1083 3088 hor.
1100 3044 1210 3087 comm.

85 3126 138 3209 vl,
160 3130 197 3209 5,
224 3128 248 3192 3
277 3127 406 3210 ‘reliqua
431 3127 498 3191 eius
528 3125 657 3190 consilia
681 3124 783 3188 animo
803 3125 1091 3209 circumspiciebat'e
1115 3144 1213 3205 neque

84 3229 292 3297 euiruCaesar
299 3228 484 3313 Ambiorigis
499 3227 626 3293 consilia
643 3225 764 3289 tenebat
779 3236 811 3288 et
824 3225 1039 3311 perpendebat,
1054 3226 1122 3303 sed,
1138 3243 1215 3307 quae

83 3352 151 3398 ense
166 3342 308 3417 possent,
331 3330 519 3416 acquirebat.
558 3326 645 3411 Quae
661 3328 754 3393 uerba
770 3338 805 3391 ot
819 3327 880 3391 alia
893 3324 1021 3391 aliorum
1036 3325 1215 3412 scriptorum

83 3436 184 3499 alieno
197 3436 267 3499 loco
282 3454 302 3499 ιι
317 3431 500 3498 Forecllinio
515 3434 661 3497 collocuta
676 3442 757 3495 suut.
782 3428 898 3494 Eadem
919 3430 1152 3513 significatione,
1168 3438 1214 3494 ut-

84 3558 140 3622 que
154 3536 234 3622 apud
249 3532 415 3602 Caesam
431 3535 565 3614 ostcudi‚
590 3535 715 3599 uerbum
730 3534 803 3599 illud
819 3534 948 3617 positum
971 3543 1019 3597 est
1039 3553 1057 3596 ι
1073 3526 1141 3595 Cic.
1158 3550 1213 3616 pro

83 3636 190 3725 Quint.
207 3637 265 3715 al,
280 3636 336 3703 bd.
353 3636 390 3703 de
404 3640 464 3725 leg.
482 3658 549 3723 ugr.
565 3637 591 3715 Ι,
608 3636 643 3715 8,
658 3636 720 3717 ιιι
738 3634 814 3701 Sall.
830 3634 863 3701 in
878 3647 956 3701 orat.
966 3634 1096 3720 Plrilippi
1111 3654 1142 3718 p.
1150 3630 1218 3696 ιιι)

83 3752 112 3807 et
123 3742 241 3808 Cottae
256 3764 286 3826 p.
302 3738 368 3805 bid
381 3742 430 3805 ed.
448 3739 549 3818 Gerl.3
566 3736 663 3824 Verg.
682 3736 761 3804 Aen.
778 3735 856 3817 ΧΙΙ,
872 3736 958 3816 8963
975 3735 1068 3803 Ouid.
1083 3733 1213 3800 Metam.

83 3844 123 3921 V,
138 3844 205 3923 713
232 3840 308 3908 Seu.
332 3843 420 3927 epist.
446 3839 505 3921 111,
525 3843 540 3906 1
557 3842 641 3928 (22),
657 3841 699 3923 ιι
727 3838 804 3906 Tac.
820 3834 1003 3919 unn.X1V‚
1019 3836 1081 3918 353
1104 3834 1214 3900 lustin.

84 3944 125 4023 lt,
144 3948 198 4026 1²,
215 3946 272 4011 ue.
289 3942 414 4025 xxxi,
433 3943 464 4023 1,
481 3942 514 4010 8.

171 4148 248 4217 Lib.
271 4148 345 4229 vll,
369 4148 488 4216 dbuec
511 4151 671 4235 leguntur·
704 4146 777 4213 ‘Vbi
800 4168 837 4213 ea
860 4146 924 4210 dics
944 4145 1048 4223 uenit,
1065 4136 1221 4205 Carnutes

86 4252 219 4322 Cotuato
233 4265 268 4319 et
281 4250 502 4319 Gonetodnnno
517 4253 654 4331 ducibus,
672 4249 839 4335 desperatis
855 4248 1045 4323 nominituo,
1061 4240 1221 4307 Genabnm

87 4358 173 4477 signo
184 4358 258 4423 dato
272 4362 481 4423 concurrunt’.
519 4354 639 4421 Hirtiae
653 4350 742 4431 vul,
759 4351 814 4431 38,
830 4350 921 4428 dite,
945 4359 980 4412 ot
991 4347 1030 4411 ad
1046 4346 1126 4410 bunc
1141 4338 1223 4405 Cae·

88 4462 164 4527 sarie
178 4463 280 4526 locum
293 4460 438 4547 respiciat
452 4460 513 4545 (sic
525 4458 605 4525 enim
622 4456 745 4523 scribite
777 4446 899 4519 ‘’Cnm
890 4472 922 4515 ru
945 4446 1098 4513 Carnutes
1120 4438 1224 4505 uenis·

88 4576 152 4644 ιιι,
175 4586 306 4651 quornm
326 4566 361 4631 in
383 4564 515 4631 ciuitate
528 4562 686 4648 superiore
708 4550 925 4624 commentario
943 4544 1065 4617 cnon
1083 4538 1227 4626 exposuit
