2646 5124
100 770 158 815 cnm
180 749 300 813 uiderat
321 745 385 811 Tb.
409 743 586 826 Bentleius,
612 751 784 815 necessaria
813 754 968 818 dicendum
990 760 1082 825 sciisse
1108 766 1170 847 ‘qui
1193 786 1228 832 sc

98 854 154 935 inse
168 850 368 916 defenderet'.
407 846 471 913 Sed
492 872 532 914 ne
556 853 743 916 ‘munitione'
767 856 882 937 quidcm
899 857 950 921 ille
965 858 1049 923 lucus
1070 880 1105 924 se
1122 868 1225 926 delon·

97 954 161 1019 lcrc
183 964 317 1037 poterat.
354 950 437 1016 Nam
460 975 558 1036 neque
580 976 668 1039 supra
691 957 749 1019 ulla
772 959 897 1021 munitio
925 974 1157 1027 commemorota
1177 976 1226 1029 est

95 1062 151 1131 (est
163 1066 265 1119 autem
281 1056 361 1121 idem
377 1054 476 1134 locus,
501 1057 588 1121 cuius
603 1060 832 1142 descriptionem
848 1062 937 1143 poulo
952 1075 1024 1127 ante
1039 1066 1152 1148 posui),
1170 1088 1224 1131 ue·

95 1181 144 1243 quc
158 1158 241 1223 (tutti
256 1179 296 1222 eo
313 1168 448 1243 mmpore
464 1162 585 1224 omuino
601 1171 702 1225 castra
717 1164 902 1229 muniebant.
941 1164 1055 1231 Postea
1076 1170 1155 1231 eui·
1171 1171 1224 1234 de-

94 1285 182 1336 uum,
200 1261 343 1326 Auan'co
358 1283 377 1325 a
393 1258 529 1327 Caesare
551 1273 655 1343 capto,
678 1285 769 1329 suasu
801 1264 1064 1353 Vercingetorigis
1078 1270 1107 1335 id
1124 1272 1223 1335 iacere

94 1366 306 1437 instituerunt,
330 1384 409 1447 quase
434 1386 485 1429 res
499 1387 527 1429 c.
544 1362 589 1429 tt
602 1376 684 1429 extr.
703 1379 735 1430 ct
749 1364 803 1445 ³⁰,
820 1369 840 1430 4
863 1378 898 1432 ιι
919 1370 1007 1433 ualde
1022 1372 1224 1438 memorabilis

93 1470 227 1533 refertar.
268 1464 307 1532 Si
330 1468 397 1549 quis
417 1478 518 1532 autem
540 1469 638 1532 locum
663 1489 726 1534 non
746 1490 855 1549 manu,
880 1471 934 1533 sed
955 1471 1063 1554 palude
1078 1474 1224 1537 munitum

92 1570 250 1655 significari
266 1569 471 1649 existimabit,
488 1572 517 1635 id
532 1572 690 1636 dicendum
706 1582 774 1636 erut
797 1574 948 1637 ‘naturali
971 1573 1154 1638 munitione'
1176 1576 1225 1641 uel

92 1673 224 1738 similiter
238 1672 344 1755 aliqua
359 1694 394 1735 rc
417 1675 544 1738 sdiccta.
584 1671 741 1737 Bcntlcius
763 1675 894 1738 coniecit
916 1676 986 1758 ‘qui
1015 1697 1050 1740 se
1070 1676 1136 1759 ipse
1157 1678 1224 1742 siue

90 1772 250 1841 unitione
265 1774 469 1839 defenderet'.
504 1775 606 1859 Atque
627 1776 773 1840 eiusmodi
794 1776 881 1860 plura
896 1779 1065 1863 excogitari
1080 1788 1219 1861 possunt,

90 1900 155 1961 quoe
170 1890 297 1952 tamen,
323 1900 393 1941 cum
414 1898 476 1941 nou
498 1879 594 1961 magis
616 1900 706 1961 quam
728 1876 857 1944 Bentleii
873 1881 1046 1944 coniectura
1067 1880 1218 1965 placeant,

90 1992 181 2047 ocem
196 1982 312 2046 melius
327 1981 485 2044 existimo.
513 1976 636 2046 Certam
651 1982 890 2046 emendationem
906 2003 966 2045 uon
982 1984 1116 2066 reperio.

163 2082 204 2149 C.
222 2082 281 2158 21,
299 2082 322 2147 2
345 2084 421 2147 baec
442 2084 625 2168 imintcgris
640 2083 725 2148 codd.
740 2085 897 2168 leguntur:
924 2083 1100 2161 ι8ιιιιιιιιι,
1118 2095 1152 2148 ιιι
1167 2087 1219 2149 de·

88 2208 145 2251 cern
159 2190 243 2253 milia
259 2185 416 2251 bominum
432 2187 548 2251 delectu
563 2206 604 2251 ex
618 2187 756 2251 omnibus
771 2188 866 2271 copiis
889 2188 920 2250 in
943 2189 1079 2271 oppidum
1095 2189 1219 2252 mittan·

91 2298 154 2369 tur,
176 2310 234 2355 nec
246 2290 323 2354 solis
339 2286 532 2373 Biturigibus
546 2310 730 2355 communem
746 2290 874 2355 salutem
890 2290 1131 2353 committendam
1146 2308 1218 2353 ceu·

92 2403 167 2471 sent,
188 2394 266 2477 quod
283 2412 380 2477 penes
396 2413 469 2465 eos,
486 2393 512 2455 si
527 2392 557 2455 id
573 2393 712 2476 oppidum
727 2394 941 2470 retinuissent,
964 2414 1108 2455 summurn
1123 2392 1218 2454 uicto·

89 2496 145 2559 riae
154 2508 299 2560 constare
308 2494 550 2578 intellegebant',
567 2494 625 2558 uisi
641 2498 719 2578 quod
736 2518 788 2580 pro
802 2496 862 2559 illis
880 2504 934 2558 ‘ex
950 2495 1087 2559 omuibus
1100 2493 1218 2577 copiis',

88 2608 117 2660 ut
129 2610 173 2662 cst
187 2598 221 2661 iu
235 2599 450 2683 interpolatis,
473 2619 578 2663 errore
600 2599 754 2681 scriptum·
765 2599 875 2662 babent
897 2608 949 2660 ‘cx
964 2597 1102 2661 omnibus
1118 2596 1215 2661 locis’.

90 2696 144 2765 Sed
160 2702 255 2765 uerba
274 2710 383 2785 ‘penes
399 2702 474 2778 cos',
498 2702 526 2765 si
541 2702 578 2764 de
595 2698 781 2785 Biturigibus
797 2701 1025 2782 intelleguntur,
1042 2719 1215 2783 peruersam

88 2804 265 2871 motentism
281 2806 368 2868 uasci
383 2815 518 2888 opertum
534 2815 598 2881 est,
621 2804 706 2885 qussi
728 2805 795 2867 idco
810 2803 974 2867 subsidium
991 2799 1070 2867 Galli
1086 2804 1116 2867 in
1133 2802 1215 2886 oppi-

88 2904 148 2969 dum
171 2907 353 2983 misissent,
377 2926 416 2971 ne
434 2907 502 2970 laus
524 2906 669 2970 uictoriae
691 2908 729 2970 ud
750 2907 833 2970 solos
854 2904 1008 2991 Bituriges
1029 2906 1212 2991 perueniret,

87 3010 157 3090 qsod
172 3030 231 3073 cos
245 3009 414 3073 communis
428 3008 533 3073 solutis
548 3028 639 3073 causa
654 3009 764 3073 iecisse
779 3009 868 3091 paulo
877 3019 949 3074 autc
964 3009 1148 3074 declaratur.
1172 3006 1215 3071 Et

88 3111 163 3176 aeid
179 3111 303 3195 quidem
318 3122 403 3176 recte
417 3112 469 3185 tt,
490 3122 525 3176 ut
537 3132 655 3175 summa
669 3112 817 3175 uictoriae
831 3122 973 3176 constare
988 3111 1107 3175 dicatur
1120 3128 1213 3193 penes

86 3214 228 3299 aliquem
253 3234 332 3301 quae
353 3223 507 3279 substare
530 3234 622 3297 penes
637 3210 744 3277 Gallos
760 3214 817 3277 boo
830 3224 878 3277 est
891 3217 924 3277 iu
938 3234 1042 3277 eorum
1064 3221 1214 3296 potestate

86 3338 149 3381 esse
163 3326 223 3381 aut
236 3326 380 3381 constare
393 3313 507 3394 Gallis,
528 3337 589 3399 qua
611 3336 647 3378 re
668 3326 752 3379 certa
776 3314 814 3378 iis
836 3335 906 3378 csse
920 3313 1155 3397 significaretur,
1171 3311 1216 3375 di·

86 3421 177 3485 ccnda
198 3430 282 3485 crat.
320 3417 408 3483 Nubil
429 3419 522 3503 igitur
542 3418 697 3483 lucramur
717 3436 822 3482 corum
844 3416 1017 3493 sententia,
1040 3416 1090 3497 qui
1113 3414 1215 3479 uerbis

87 3532 192 3606 ‘pena
213 3522 280 3588 cos’
302 3542 405 3587 omnes
427 3519 533 3586 Gallos
553 3520 707 3607 designari
730 3520 1005 3593 existimauerunt,
1033 3516 1150 3582 etisnsi
1170 3518 1214 3582 ita

86 3624 142 3689 dici
163 3626 302 3711 potuisse
323 3626 577 3703 concederemus,
609 3626 686 3708 quod
714 3624 780 3689 lieri
809 3643 871 3686 nou
894 3640 983 3705 posse
1003 3638 1093 3705 supra
1115 3641 1146 3704 p.
1169 3618 1213 3684 dt

77 3727 198 3813 inomni.
223 3724 333 3813 ltaque
346 3749 412 3791 cum
427 3738 567 3811 corrupta
582 3747 653 3792 esse
666 3727 718 3791 illa
731 3727 825 3791 uerba
840 3723 1037 3791 confitendum
1051 3724 1104 3801 sit,
1128 3732 1213 3786 recte

84 3824 211 3896 Clarkio
232 3829 405 3912 recipienda
426 3830 492 3893 uisa
511 3845 600 3909 suut,
624 3852 701 3913 quse
723 3830 754 3894 in
776 3829 859 3893 And.
883 3838 915 3893 et
929 3824 1035 3893 Oxou.
1053 3825 1210 3911 leguntur-c

85 3934 176 4019 ‘quod
193 3952 291 4019 poene
306 3933 337 3995 in
352 3953 400 4009 co,
424 3933 453 3996 si
466 3933 497 3996 id
512 3932 651 4016 oppidum
666 3932 873 4008 retinuissent,
896 3948 1041 3993 summam
1063 3927 1212 3991 uictoriae

83 4048 228 4099 constare
258 4035 494 4119 intellegebant'.
532 4031 602 4116 Qua
623 4026 831 4099 emendetinue
853 4020 950 4116 udque
971 4030 1091 4094 facilior
1115 4045 1213 4110 neque

83 4139 183 4223 optior
197 4137 331 4201 inueniri
346 4148 455 4222 potest.

168 4236 211 4305 C.
227 4236 290 4316 28,
315 4240 338 4304 t
358 4241 391 4305 in
406 4239 545 4304 omnibns
559 4239 646 4304 codd.
663 4248 784 4324 praeter
796 4234 995 4320 interpolatos
1009 4233 1053 4296 ita
1068 4230 1211 4316 scriptum

85 4354 149 4409 cst:
168 4338 237 4407 ‘Sic
253 4352 283 4406 et
297 4338 415 4407 Genabi
430 4341 521 4407 caede
537 4353 569 4407 ct
584 4341 689 4407 labore
703 4340 803 4426 operis
817 4338 933 4405 incitati
948 4358 1010 4401 nou
1024 4342 1126 4399 astute
1140 4352 1214 4397 cou-

86 4446 184 4525 leetis,
203 4466 266 4510 non
279 4444 477 4524 mulieribus,
495 4446 737 4511 coniurantibus
752 4449 952 4528 pepercerunt
958 4439 979 4518 ’ς
1003 4438 1036 4501 iu
1051 4433 1215 4518 interpola·

85 4548 124 4612 tis
139 4546 333 4615 ‘Genabcnsi
348 4546 449 4613 enede'
465 4547 588 4634 legitur,
605 4547 684 4632 quod
697 4547 737 4611 ab
751 4544 888 4611 omnibus
902 4551 1059 4607 seruatum
1074 4545 1134 4601 est.
1173 4528 1217 4594 Bt

85 4652 233 4735 prolecto,
247 4651 441 4737 sigeuitiuus
456 4652 593 4731 essetis,
609 4672 669 4734 quo
683 4650 768 4717 locus
782 4646 981 4733 significatur,
999 4642 1074 4705 duro
1089 4652 1217 4721 nouom·
