2646 5124
519 604 822 672 -48-

111 782 191 848 bello
206 778 288 845 ciuili
306 788 337 842 et
351 776 474 861 reliquis
490 776 712 842 commentariis
729 796 801 840 nera
816 775 967 860 scriptura
982 776 1015 841 iu
1031 776 1229 843 deterioribus

111 883 198 948 codd.
216 892 336 947 seruata
352 893 410 960 est,
428 880 513 945 uelut
525 878 556 942 b.
567 879 626 943 eiu.
637 876 680 956 ll,
698 876 752 957 32,
768 878 996 960 9‘relinquitur
1006 898 1085 943 noua
1100 880 1228 965 religio',

111 1008 177 1049 cum
194 995 361 1050 extremum
378 982 555 1049 uocabulum
571 981 602 1044 in
619 980 807 1064 interpolatis
823 978 989 1044 exciderita
1006 990 1039 1044 et
1050 980 1082 1045 b.
1093 980 1164 1046 dtr.
1178 976 1228 1061 ω,

112 1086 150 1166 1,
175 1089 225 1152 ubi
241 1099 347 1151 auctor
362 1085 543 1170 scripserat:
573 1091 627 1145 ‘ut
649 1082 685 1145 ab
702 1080 827 1146 sinistro
842 1083 908 1146 eius
923 1103 1018 1147 cornu
1032 1083 1137 1150 ordiar
1151 1094 1184 1149 et
1196 1082 1229 1147 ed

109 1191 248 1254 dextrum
265 1189 449 1275 perreriam.
498 1184 612 1249 Habuit
625 1184 789 1269 logionem’
811 1194 903 1262 cett,
929 1184 1024 1249 altera
1038 1204 1111 1267 para
1126 1184 1229 1249 boran

109 1292 268 1357 uerborum
290 1291 322 1355 iu
344 1289 531 1374 interpolatis
547 1288 677 1371 legitur,
703 1286 798 1349 altera
822 1286 854 1350 in
870 1285 1083 1351 deterioribus.
1114 1284 1228 1353 Vm!

108 1393 274 1458 buiasmodi
289 1412 437 1478 perpauca
453 1400 536 1468 sunt,
554 1410 650 1472 neque
662 1389 699 1451 ob
711 1407 746 1451 ea
759 1387 856 1451 maius
871 1388 1000 1472 pretium
1015 1388 1062 1453 bis
1077 1388 1228 1455 eotieitut

107 1497 294 1561 constituere
308 1495 396 1572 licet,
425 1515 512 1578 quam
535 1512 553 1554 a
577 1491 663 1555 nobis
680 1490 877 1555 constitutum
892 1499 951 1553 est.

192 1595 315 1663 Subieci
338 1597 463 1660 domnam
471 1592 659 1679 cognationis
676 1591 812 1656 codicum
827 1591 991 1655 secundum
1004 1610 1060 1667 ea,
1076 1612 1157 1677 quac
1171 1592 1229 1659 dia·

108 1699 278 1784 putauimus
292 1698 486 1776 delineatam,
504 1697 548 1760 ita
562 1704 597 1757 ut
616 1712 669 1757 eos
691 1693 829 1772 codices,
842 1692 894 1776 qui
909 1693 1083 1778 perierunt,
1101 1692 1227 1761 Gneus

108 1801 219 1864 litteris
232 1800 444 1885 significarem.

651 1915 688 1981 A

270 2057 304 2128 B
1032 2054 1067 2124 Γ

141 2267 221 2333 Βοῦς.
239 2142 675 2471 μὴ
737 2139 1209 2541 gafahai&

315 2409 390 2473 Em
409 2407 484 2459 νηῒ.
504 2424 544 2475 μ’
737 2374 815 2427 Vand.
829 2392 868 2444 pr.
882 2378 963 2440 (And.
978 2380 1042 2450 Ox.)

318 2478 354 2543 A
681 2475 712 2541 A

172 2592 401 2712 Deterioposssbllllll
421 2595 449 2645 ll.
469 2594 501 2646 de
746 2593 897 2646 [deteriores
916 2610 985 2647 orno.
1005 2601 1156 2645 commcntt.

293 2698 299 2712 .
343 2676 357 2711 a
382 2696 389 2711 .

188 2812 359 2879 Secundum
376 2817 448 2880 haec
464 2839 525 2881 non
540 2818 661 2882 difficile
683 2829 730 2882 est
744 2819 916 2898 intellectu,
944 2838 1020 2902 quae
1034 2818 1113 2884 ratio
1129 2818 1160 2882 in
1175 2838 1224 2882 re-

102 2917 260 2982 censendis
276 2914 419 2981 Caesaris
436 2921 658 2984 commentariis
674 2922 824 3004 sequenda
839 2923 891 2984 sit.
918 2920 999 2985 Nam
1014 2921 1111 3004 prima
1126 2917 1222 2985 omni·

101 3040 150 3083 um
173 3040 246 3083 cora
269 3022 449 3084 conlercnda
472 3022 529 3084 erit
553 3022 590 3084 ad
613 3024 790 3107 scripturam
822 3024 933 3086 codicis
960 3022 1115 3107 archetypi
1137 3022 1224 3087 inue-

100 3121 251 3186 nieudam.
289 3118 337 3186 Ea
360 3123 392 3185 in
414 3122 498 3187 libris
516 3124 552 3187 de
574 3125 653 3187 bello
670 3123 786 3188 Gallico
803 3125 952 3188 efficietur
966 3137 1018 3189 aut
1032 3144 1074 3189 ex
1088 3124 1223 3188 omniun

99 3227 232 3290 codicum
255 3245 405 3288 consensu
427 3237 479 3288 aut
499 3227 532 3289 in
555 3228 693 3291 dissensu
717 3227 873 3308 utriusque
893 3227 1023 3290 familiae
1038 3248 1078 3291 ex
1092 3224 1223 3312 integrit

98 3340 150 3394 aut
165 3328 294 3412 denique
316 3349 356 3391 ex
378 3349 529 3393 consensu
551 3330 675 3393 alterius
699 3331 885 3413 integrorum
901 3328 994 3413 partis
1011 3339 1041 3392 et
1055 3329 1223 3412 interpola-

97 3440 208 3493 torum.
240 3431 375 3516 Apparet
397 3442 496 3495 autem
512 3427 754 3512 Bongarsianum
776 3431 900 3513 primum
917 3431 1040 3495 eandem
1055 3431 1222 3494 auctorita·

97 3539 156 3593 tem
173 3531 282 3594 babere
305 3544 394 3614 atque
416 3534 548 3613 reliquos
571 3532 706 3617 integros
732 3543 762 3595 et
776 3533 942 3596 deteriores
959 3553 1000 3596 ex
1015 3533 1118 3597 eodem
1137 3533 1222 3595 sonte

97 3630 202 3694 ductos
218 3632 298 3695 inter
312 3652 345 3695 se
361 3634 595 3708 consentientes,
622 3645 652 3697 ot
674 3643 795 3717 propter
815 3635 909 3717 ipsius
932 3634 1044 3698 codicis
1061 3644 1221 3719 praestan-

96 3732 166 3795 tiam
183 3733 271 3815 paulo
287 3732 377 3794 ctiam
392 3733 547 3796 maiorem.
586 3733 721 3819 Reperta
737 3755 810 3799 uero
832 3737 942 3800 codicis
965 3736 1121 3820 archetypi
1142 3732 1221 3799 scri·

94 3843 180 3917 ptura
196 3844 248 3897 aut
261 3834 327 3917 ipsa
342 3852 415 3896 uera
431 3835 508 3913 erit,
526 3845 596 3913 aut,
613 3836 639 3899 si
656 3838 696 3900 ita
713 3859 773 3900 non
791 3838 924 3921 potuisse
939 3859 957 3900 a
973 3833 1107 3901 Caesare
1123 3835 1220 3900 scribi

94 3937 327 3999 demonstratum
349 3936 457 4011 luerit,
486 3942 658 4002 coniectura
685 3938 728 4001 illi
760 3940 952 4003 fondamento
979 3939 1087 4002 innixa
1110 3958 1219 4002 uerum

94 4040 255 4103 eruendum
273 4040 341 4102 erit.
381 4037 509 4102 Etiamsi
531 4050 628 4104 autern
645 4041 786 4104 mendosa
802 4042 860 4104 erit
874 4042 1060 4126 integrorum
1077 4040 1218 4103 codicum

93 4141 240 4226 scriptura
260 4153 292 4204 et
312 4141 560 4225 interpolatorum
582 4153 634 4205 aut
656 4143 838 4205 deteriorum
860 4165 913 4228 per
932 4164 966 4207 se
986 4152 1089 4219 recta,
1112 4152 1218 4206 tamen

93 4253 154 4306 tum
170 4243 285 4307 demum
300 4242 354 4307 hos
370 4244 455 4326 sequi
471 4243 590 4322 licebit,
615 4266 681 4308 curn
703 4244 738 4306 ab
755 4265 859 4308 eornm
875 4245 1024 4327 scriptura
1039 4243 1101 4320 ita,
1126 4252 1163 4306 ut
1183 4242 1218 4307 iu

91 4345 217 4429 integris
240 4348 351 4409 lactum
373 4346 447 4422 erit,
472 4345 607 4409 aberrari
631 4345 764 4430 potuisse
787 4345 951 4430 apparebit.
997 4341 1110 4407 blenda
1133 4343 1217 4408 enirn

91 4447 274 4534 integrorum
296 4448 429 4511 codicum
452 4457 550 4511 manen
574 4447 733 4510 ueritatem
754 4459 878 4511 seruant
891 4448 962 4510 licet
976 4445 1168 4509 obscuratam
1184 4456 1217 4511 et

90 4549 252 4615 inuolucris
268 4560 396 4628 tectam,
421 4570 497 4633 quae
512 4560 600 4614 caute
615 4549 797 4612 detrahenda
820 4560 907 4613 suut:
931 4548 1115 4630 reliquorum
1131 4547 1216 4612 codi-

90 4673 156 4717 cum
171 4653 272 4719 omnia
287 4652 398 4718 fraudis
414 4652 544 4738 suspicio
558 4651 676 4738 premit.
708 4648 812 4734 Itaque
827 4672 894 4716 cunr
916 4671 1115 4735 quaeramus,
1140 4651 1215 4734 quid
