2646 5124
417 614 698 689 COMMJCAP.
714 620 869 689 bit-bl.
1191 604 1256 679 528

87 788 228 873 progressi
243 790 352 873 spatio,
371 801 404 855 ut
418 790 548 855 celerem
563 802 716 875 receptum
732 791 888 867 baberent,
904 792 1060 877 angustius
1072 787 1197 878 pabula-

84 890 203 969 bantur,
228 892 303 957 alias
318 894 458 977 longiore
474 892 603 956 circuitu
617 892 769 957 custodias
784 892 987 977 stationesque
1000 898 1130 981 equitum
1148 893 1195 961 ui·
1209 886 1231 951 3

83 992 197 1073 tabunt,
220 1005 274 1060 aut
295 995 398 1077 aliquo
414 1004 537 1077 acceptu
551 993 731 1058 detrimento
746 1003 798 1057 aut
812 994 913 1076 procul
927 998 1054 1079 equitatu
1069 1000 1135 1063 uiae
1150 1018 1192 1063 ex

81 1097 171 1161 terlio
185 1097 295 1162 itinere
310 1096 455 1178 proiectis
470 1095 597 1161 sarcinis
614 1096 778 1181 fugiebant.
809 1091 968 1159 Postremo
988 1110 1020 1163 et
1032 1101 1131 1183 plnres
1146 1104 1193 1167 iu·

81 1200 246 1266 termittere
263 1200 328 1261 (lies
343 1208 373 1261 ct
388 1208 508 1281 praeter
522 1200 771 1263 consuetudinem
796 1197 928 1262 omnium
943 1210 1032 1263 noctu
1046 1204 1207 1268 coustitue-

75 1312 143 1365 rsnt
157 1299 308 1387 pabulari.
348 1297 473 1363 interim
488 1298 643 1367 Oscenses
659 1312 692 1367 et
705 1298 946 1385 Calagurritani,
961 1300 1011 1382 qui
1026 1314 1113 1365 erant
1126 1324 1191 1367 cum
1204 1304 1249 1377 bb

73 1398 266 1469 Oscensibus
282 1400 459 1479 contributi,
484 1404 608 1469 mittunt
628 1404 667 1469 stl
689 1426 757 1469 eum
779 1407 898 1489 legatos
912 1421 1039 1484 seseque
1053 1403 1198 1487 imperata

67 1504 213 1569 facturos
227 1505 412 1589 pollicentur.
442 1503 508 1571 llos
524 1505 776 1574 Tarraconenses
798 1518 831 1573 et
844 1504 980 1571 laeetani
1004 1514 1035 1568 et
1050 1503 1197 1569 Ausetani
1210 1508 1232 1573 2

70 1616 103 1671 et
119 1606 226 1689 paucis
241 1618 308 1691 post
322 1606 423 1672 (liebus
438 1604 723 1695 Illurgauonenscs,
748 1611 798 1695 qui
821 1610 929 1675 llumen
948 1606 1093 1670 Hiberum
1110 1605 1199 1669 attin·

69 1719 160 1793 gout,
178 1707 363 1773 insecuntur.
395 1709 480 1777 Petit
500 1714 538 1777 ab
559 1714 605 1778 bis
620 1714 775 1789 amnibus,
801 1724 834 1776 nt
855 1734 889 1778 se
911 1714 1065 1777 lrumento
1080 1710 1230 1775 iuuentil

72 1806 258 1874 Pollicentur
272 1822 362 1895 atque
378 1815 516 1880 omnibns
530 1815 660 1900 undique
682 1816 859 1899 conquisitis
880 1813 1021 1879 iumentis
1047 1813 1079 1878 in
1096 1821 1199 1877 castra

75 1910 239 1998 deportant.
270 1913 400 1981 Transit
414 1918 503 1983 ctiam
519 1919 627 1984 cohors
641 1916 900 2006 lllurgauoncusis
921 1919 958 1983 atl
983 1938 1050 1982 eum
1074 1913 1234 1998 cognitei

73 2014 199 2080 ciuitatis
215 2017 344 2081 consiliu
360 2030 393 2084 et
406 2021 495 2103 signu
509 2043 551 2085 ex
565 2022 697 2087 statione
721 2024 876 2086 transfert.
914 2018 1032 2105 Magna
1054 2018 1198 2083 celeriter

72 2120 262 2183 muneratio
282 2142 395 2185 rerum.
434 2120 575 2187 Perfecto
597 2135 706 2209 ponte,
731 2124 848 2207 magnis
871 2124 1002 2206 quinque
1023 2118 1234 2185 ciuitatibusb

69 2220 106 2285 stl
120 2220 283 2285 amicitiam
298 2224 461 2301 adiunctis,
479 2226 620 2310 expedita
634 2248 669 2292 re
685 2226 892 2303 frumentaria,
910 2223 1057 2287 extinctis
1069 2223 1197 2287 rumori-

69 2320 125 2387 bus
139 2323 179 2388 ie
192 2324 316 2389 auxiliis
331 2325 499 2409 legionum,
517 2349 593 2411 quae
609 2350 675 2391 cum
693 2327 837 2411 Pompeio
852 2348 906 2412 per
914 2324 1127 2389 Mauritaniam
1143 2346 1196 2393 ue·

69 2426 137 2491 sire
152 2426 347 2508 dicebantur,
371 2428 484 2494 multae
503 2430 731 2514 longinquiores
747 2430 887 2494 ciuitates
903 2428 940 2493 ab
955 2427 1082 2493 Alrnnio
1098 2428 1196 2493 desei-

67 2538 160 2593 seunt
176 2538 208 2593 et
222 2524 366 2595 Caesaris
381 2532 543 2596 amicitiam
558 2544 739 2617 sequuntur.
786 2530 903 2614 Quibus
918 2532 1010 2596 rebus
1024 2530 1194 2616 perterritis
1210 2528 1252 2599 lil

67 2630 177 2695 smmis
193 2632 436 2699 aduersariorum
453 2631 581 2715 Caesar,
597 2656 636 2700 ne
650 2655 770 2720 semper
784 2656 894 2720 magno
910 2634 1038 2699 circuitu
1052 2652 1107 2719 per
1121 2653 1195 2717 pnn-

67 2742 126 2799 lsm
142 2734 295 2819 equitatus
303 2750 385 2801 esset
399 2738 573 2817 mittendus,
590 2749 696 2803 nactrrs
711 2739 955 2803 idoneumlucum
972 2740 1071 2802 lassas
1087 2737 1195 2821 pedum

67 2838 148 2901 xxx
161 2838 193 2902 in
208 2838 395 2904 latitudinem
413 2842 578 2925 complures
595 2842 695 2906 lacere
710 2841 860 2919 instituit,
888 2841 994 2925 quibus
1010 2850 1124 2926 partem
1139 2840 1195 2905 ali·

67 2958 156 3023 qusm
179 2940 298 3007 Sicoris
320 2955 475 3008 auerteret
497 2944 664 3027 uallumque
686 2944 718 3008 in
738 2965 775 3010 ee
802 2944 925 3009 llamine
945 2946 1087 3009 efficeret.
1135 2940 1230 3009 tttcz

67 3062 166 3127 paene
180 3044 296 3109 ellectis
316 3067 455 3130 magnum
477 3046 508 3110 in
524 3048 660 3113 timorem
677 3048 822 3111 Afranius
837 3043 1037 3133 Petreiusque
1053 3049 1192 3133 perueni-

67 3154 135 3221 aaa,
152 3148 478 3237 neomninolrumento
493 3148 660 3233 pabuloque
674 3150 960 3227 intercluderentur,
978 3152 1055 3233 quot
1068 3151 1194 3215 multum

67 3242 190 3315 Csem
204 3251 339 3333 equitatu
354 3252 485 3316 ualebat.
516 3248 623 3334 ltaque
638 3252 826 3315 constituunt
840 3250 898 3332 ipsi
912 3248 964 3313 bis
978 3250 1053 3313 locis
1064 3248 1194 3311 excede-

67 3372 101 3417 re
114 3360 150 3417 st
162 3352 198 3416 in
212 3347 404 3419 Celtiberiam
421 3354 531 3419 bellurn
548 3354 725 3417 transferre.
761 3349 842 3415 lluic
858 3348 984 3413 consilio
998 3346 1193 3428 subfragaba·
1209 3344 1230 3407 3

67 3454 223 3519 lutetiam
237 3456 288 3521 illa
302 3477 371 3535 res,
395 3456 473 3541 quorl
495 3476 537 3519 ex
560 3454 674 3518 duobus
696 3452 856 3517 centrariis
878 3449 1040 3534 generibus
1054 3466 1130 3530 quae
1144 3468 1196 3511 su-

67 3558 189 3641 periore
203 3558 282 3624 bello
297 3581 362 3624 cum
379 3557 421 3623 L.
440 3556 578 3623 Sertorio
594 3565 744 3621 steterant
758 3554 898 3619 ciuitates
914 3554 1012 3619 uictae
1026 3570 1134 3616 nomen
1150 3560 1196 3613 at-

67 3680 125 3743 que
139 3660 298 3746 imperium
314 3662 448 3725 absentis
464 3659 600 3745 Pompeii
617 3659 772 3737 timebant,
793 3678 867 3741 quae
882 3657 914 3720 in
930 3656 1061 3721 amicitia
1078 3674 1196 3719 manse·

67 3772 137 3827 rant
160 3764 278 3849 magnis
301 3765 437 3829 allectae
459 3764 614 3829 benefieiis
636 3784 703 3827 cum
719 3762 900 3848 diligebantq
926 3757 1071 3825 Caesaris
1093 3769 1193 3825 autem

67 3874 132 3929 erat
154 3866 186 3929 in
209 3864 347 3931 barbaris
367 3888 476 3932 nomen
493 3867 660 3932 obscurius.
693 3866 752 3931 llic
766 3886 892 3952 magnos
908 3864 1057 3949 equitatus
1073 3882 1194 3949 magna.

177 4074 188 4127 l
206 4074 365 4140 pabulantes
376 4078 427 4128 ab.
530 4078 546 4129 8
559 4075 771 4129 Terraconeases
781 4076 807 4127 b.
911 4076 1048 4129 Auscitsni
1061 4092 1085 4125 ιι.

68 4150 221 4205 lilibet-um
235 4154 260 4218 b,
277 4154 408 4223 llyberum
421 4172 438 4206 ιι
446 4174 456 4220 ,·
470 4156 571 4207 lberum
584 4158 685 4221 ubique
697 4172 726 4207 u.
847 4155 878 4208 tu
891 4156 1045 4207 insecuntur
1056 4170 1084 4205 ιι.

70 4228 325 4295 l211urgauanensis
338 4234 388 4283 ab.
515 4234 546 4285 li
558 4233 683 4283 extinctis
695 4248 723 4284 ιι.
856 4233 888 4285 lb
900 4234 1043 4285 amiciciam
1057 4247 1084 4282 ιι.

67 4308 96 4363 il
111 4309 280 4363 latitudinem
293 4312 335 4376 (ιι)
349 4312 458 4377 reliqui,
472 4312 637 4363 altitudinem
652 4312 678 4361 b.
839 4312 873 4365 2²
885 4312 990 4365 Sicores
1003 4329 1030 4375 a,
1046 4310 1151 4361 Sicoros
1165 4312 1191 4360 b.

174 4388 210 4443 2³
221 4405 289 4456 psus
303 4406 329 4441 ιι.
495 4392 528 4447 ab
541 4392 591 4458 ipsi
606 4392 645 4441 bis
660 4390 867 4457 Oudendorpius
880 4392 940 4457 (red
951 4394 1008 4460 iis),
1022 4390 1102 4457 ipsiu
1116 4390 1190 4441 ‘nasa

67 4464 175 4518 onnss’.
265 4466 300 4519 bb
313 4466 517 4531 subfragabatur
528 4483 555 4519 ιι.
654 4468 756 4520 ἳὸιιιιιι
771 4468 888 4519 sestario
903 4471 927 4519 b.
1031 4466 1193 4531 291’omprii

67 4550 126 4609 post
145 4544 266 4596 absentis
282 4546 434 4611 ponendum
454 4545 529 4597 uidit
547 4546 697 4609 Dour'u'ur,
720 4552 785 4597 ante
803 4548 902 4611 magnis
921 4548 1094 4613 (ablpansat
1112 4544 1191 4595 codd.

173 4624 209 4674 30
222 4622 384 4677 arteriaca.
490 4624 521 4677 bl
536 4630 595 4675 crat
606 4624 631 4675 in
642 4624 959 4692 barbarisaSteprbsrrur,
973 4625 997 4675 in
1007 4622 1126 4675 barbaris
1135 4627 1193 4670 erat

67 4702 171 4750 estem
183 4697 246 4749 cdd.
354 4701 396 4753 laic
408 4701 448 4753 ab
461 4700 522 4753 edd.
535 4707 599 4755 oute
612 4702 719 4769 Strpb„
732 4702 993 4767 biacStrprttunuau.
1097 4712 1192 4763 magua
1206 4750 1209 4757 ,
