2646 5124
497 564 802 632 -57-

91 736 223 803 similiter
237 738 306 822 ipse
320 730 443 801 Caesar
457 736 538 802 dixit
551 736 617 801 hor.
634 759 741 801 eonem.
759 735 821 817 Vl,
840 736 898 818 ll,
914 739 948 818 2,
965 738 1015 804 ulsi
1031 743 1064 805 in
1078 746 1219 811 omnibus

93 841 168 906 ott.
184 850 314 923 praeter
326 839 529 924 interpolatos
542 840 684 925 seriptum
701 851 749 905 est
767 848 846 905 ‘non
860 843 957 907 solum
973 844 1003 906 in
1019 847 1159 910 omnibus
1175 849 1219 912 oi·

94 942 227 1009 uitatibm
242 978 308 1020 —,
326 942 381 1006 sed
395 962 492 1025 paene
508 943 598 1006 etiarn
618 942 745 1026 singulis
768 944 932 1008 domibns'.
978 946 1116 1010 Aliorum
1139 950 1217 1013 seri·

95 1040 200 1131 ptoruu'u
217 1045 365 1131 exempla
380 1044 456 1109 haee
471 1054 560 1107 suntz
584 1040 650 1109 cio.
671 1067 724 1129 pro
739 1042 852 1109 Flacco
865 1047 898 1123 7,
918 1046 959 1112 17
975 1055 1056 1113 ‘non
1071 1050 1169 1113 solum
1184 1051 1215 1115 iu

95 1144 227 1226 Graecia,
244 1148 302 1238 sed
317 1169 412 1233 prope
428 1147 547 1211 eunetis
563 1148 723 1230 gentibus,
742 1171 796 1233 pro
807 1147 893 1214 Sulla
906 1146 962 1228 20,
979 1149 1022 1214 56
1038 1160 1111 1216 ‘non
1128 1155 1216 1217 modo

93 1251 276 1329 eleanam,
292 1251 348 1316 sed
362 1251 453 1314 etiam
469 1251 672 1314 neeessariam
687 1253 832 1331 eausam'3
850 1250 946 1317 Corn.
962 1250 1042 1337 Nep·
1061 1255 1128 1318 Ale.
1145 1256 1178 1333 ι,
1194 1252 1217 1319 6

94 1362 154 1418 ‘uon
169 1355 327 1419 aduersus
342 1354 489 1439 palliam,
506 1353 560 1415 sed
575 1353 713 1417 inimicos
727 1374 800 1417 suos
815 1353 923 1419 bettnn
940 1358 1066 1440 gessit’,
1083 1353 1164 1421 Con.
1181 1358 1214 1436 5,

91 1456 190 1521 2‘non
206 1458 309 1521 solum
325 1456 409 1521 inter
421 1455 578 1533 burburus,
594 1455 753 1519 sedetiam
769 1477 872 1520 omnes
889 1455 1039 1522 Graeciae
1053 1458 1213 1537 ciuitates,

90 1556 151 1623 liu.
167 1555 340 1625 xxxvl!
349 1604 359 1637 ,
385 1557 407 1622 7
424 1565 498 1622 ‘non
513 1578 567 1644 per
581 1556 791 1623 Macedoniam
808 1560 916 1636 modo,
938 1560 990 1623 sed
1013 1560 1103 1623 etiarn
1118 1557 1216 1623 Thra·

90 1664 179 1741 dsus'a
196 1660 281 1725 Tae.
300 1661 373 1725 luist.
391 1657 420 1738 l,
436 1657 457 1722 4
474 1666 548 1723 ‘non
563 1662 650 1725 nodo
663 1662 696 1725 in
710 1661 784 1726 urbe
799 1662 876 1746 apud
893 1671 995 1746 patres
1009 1672 1063 1725 ant
1078 1663 1215 1746 populum

90 1765 301 1829 saturianum
325 1762 470 1841 militena,
491 1764 545 1828 sed
560 1784 664 1829 omnes
678 1764 813 1848 legiones
828 1764 998 1847 durosque'.
1044 1759 1168 1830 Omissa
1183 1764 1214 1827 in

90 1868 176 1933 altero
191 1866 336 1931 une-ltro
349 1865 591 1950 praepositione,
610 1888 676 1931 eum
691 1867 859 1946 uooslula,
883 1888 958 1952 qnae
980 1876 1211 1950 componuntur,

89 1972 177 2035 trtius
192 1970 444 2054 eoninngantur,
468 1968 520 2046 lit,
545 1980 577 2033 ut
599 1970 665 2054 ipsa
679 1971 775 2054 magis
790 1969 951 2033 emineant.
996 1972 1010 2050 (
1020 1967 1125 2032 Eiusd.
1143 1988 1211 2052 rap.

89 2076 113 2158 ᾗ.
127 2073 173 2137 22
185 2073 267 2157 apud
283 2068 470 2150 Caesarem,
494 2082 529 2135 nt
549 2073 605 2136 hoo
626 2074 725 2138 obiter
738 2094 895 2150 moneam,
918 2073 1007 2151 inde,
1029 2072 1107 2156 quod
1123 2073 1153 2155 ᾗ.
1172 2068 1214 2133 lll

90 2177 231 2261 seriptum
246 2186 296 2240 est
311 2176 377 2259 ‘qui
390 2174 450 2238 nisi
465 2175 609 2253 decedat',
626 2176 703 2240 efflei
719 2196 779 2239 non
790 2185 903 2259 potest,
920 2175 1082 2259 quominus
1097 2171 1214 2258 inopti·

91 2280 147 2343 uls
160 2288 195 2343 et
212 2276 347 2363 plurimis
369 2277 459 2345 oodd.
480 2288 563 2341 reete
577 2278 695 2361 legatur
723 2277 819 2360 ‘qnod
843 2278 904 2340 nisi
928 2277 1118 2341 discessisset
1132 2287 1164 2339 et
1178 2276 1213 2340 li·

91 2380 191 2445 ltennu
206 2380 428 2464 pandonem
443 2376 562 2443 Galliae
576 2380 633 2443 sibi
648 2379 842 2445 tradidisset'.
875 2377 934 2442 llio
949 2380 1027 2442 enim
1043 2378 1215 2441 Ariouistus

91 2483 118 2548 id
132 2493 249 2547 tantun
264 2482 417 2567 postulat,
440 2493 476 2547 ut
490 2482 579 2546 adeat
593 2479 727 2560 Caesar,
752 2502 788 2547 ee
803 2481 977 2566 postulatio,
995 2491 1029 2546 nt
1043 2480 1080 2544 de
1095 2498 1215 2563 posses·

90 2590 170 2651 sione
184 2583 309 2651 Galliae
322 2585 467 2664 deeedat,
484 2584 542 2660 iis,
559 2605 636 2668 qnae
651 2586 790 2650 adiuncta
806 2596 894 2664 sunt,
911 2586 1115 2663 continetur.)
1142 2577 1215 2645 Nun

90 2690 198 2755 nefins
219 2709 315 2772 ιιιιιιιι
336 2688 451 2754 duobus
473 2687 677 2770 superioribus
698 2688 774 2752 loeis
796 2684 999 2753 Selnneiderns
1022 2687 1123 2771 egisse
1143 2684 1214 2747 mihi

90 2794 251 2859 uideture.
268 2790 332 2868 53,
355 2790 390 2854 4.
434 2787 480 2854 lbi
500 2788 579 2853 enirn
602 2810 670 2854 oum
692 2791 768 2855 duae
790 2802 894 2855 esseut
907 2790 1093 2876 scripturae,
1119 2787 1214 2852 altera

90 2896 268 2981 optinorum
283 2893 535 2979 plurimorumque
556 2892 643 2956 eodd.
670 2895 766 2958 ‘duae
786 2895 908 2959 luerunt
927 2893 1076 2958 Ariouisti
1100 2910 1213 2956 uxores

89 3035 127 3053 —
146 3010 302 3080 utraeque
321 2995 353 3059 in
375 3013 412 3059 ea
431 2995 503 3079 luga
523 2997 706 3079 perierunt’,
730 2994 826 3061 ¹altera
847 2997 1093 3082 interpolatorum
1122 2998 1213 3078 (nsua

88 3098 287 3166 Aebaintrius
314 3120 420 3163 errore
438 3095 610 3162 Parisinum
637 3099 762 3182 primum
791 3120 846 3183 pro
868 3099 1000 3162 seeundo
1024 3096 1214 3177 nominauit)

88 3210 232 3287 ‘suaque
244 3238 289 3249 -
303 3202 413 3287 penit,
429 3198 653 3280 Schneiderus,
677 3201 746 3283 quia
760 3202 830 3265 alibi
847 3202 920 3264 duos
936 3201 1105 3285 singulares
1120 3197 1215 3263 housi-

87 3326 139 3371 ιιι
153 3305 205 3371 uel
221 3324 276 3369 res
291 3298 410 3369 &aar
423 3324 483 3367 non
499 3302 607 3387 plurali
623 3322 749 3366 numero
769 3312 914 3384 utrosque
934 3303 984 3366 uel
1005 3313 1150 3382 utrasque
1172 3299 1217 3362 di·

88 3419 173 3472 eeret
185 3407 234 3491 (b.
249 3406 312 3470 οἰιι.
329 3406 409 3471 enias
421 3403 463 3482 ll,
479 3405 548 3469 liin
559 3404 679 3489 optimis
695 3406 782 3470 oodd.
799 3404 859 3488 legi
874 3404 990 3466 monuit
1011 3410 1156 3485 ‘uosque
1174 3422 1217 3465 ex

87 3530 238 3575 eoneunu
252 3508 466 3592 laborarent),
483 3508 538 3572 luae
552 3508 646 3595 ig'tur
659 3509 696 3575 de
711 3529 805 3573 cansa
820 3528 862 3573 ex
877 3506 973 3570 tubus
988 3505 1098 3569 nullius
1112 3516 1215 3570 aueto-

85 3613 186 3678 ritatis
201 3612 291 3677 codd.
310 3611 420 3676 aseiuit
435 3619 574 3694 ‘utraque
589 3648 632 3661 -
646 3610 821 3696 perierunt'.
845 3608 916 3674 Nos
931 3610 1110 3694 optimorum
1124 3608 1213 3673 eodtl.

85 3716 300 3783 austeritatem
315 3714 462 3799 exenplis
477 3708 653 3791 Cieeeonis,
670 3714 742 3777 licet
756 3715 792 3778 de
808 3736 845 3780 eo
861 3714 1043 3778 dubitauerit
1058 3710 1215 3795 Zumptius

85 3820 120 3884 ad
136 3814 393 3895 verr.111‚dtt‚
411 3812 494 3894 140,
512 3811 676 3894 ·Sallustii,
701 3812 838 3882 Cornelii
852 3816 1002 3902 Nepotis,
1027 3814 1111 3879 Liuii
1126 3811 1216 3876 iaeile

84 3921 252 3987 tuebimur.

172 4020 215 4089 C.
233 4024 290 4102 45,
307 4022 325 4086 1
341 4023 374 4087 in
388 4023 514 4110 integris
528 4024 615 4089 eodd.
640 4025 750 4108 legitor
773 4022 891 4089 ‘Multa
912 4045 931 4087 ι
946 4020 1081 4087 Caesare
1101 4021 1216 4083 ineam

87 4128 272 4193 senteutiam
287 4126 474 4205 dictasunt,
491 4147 584 4209 quare
597 4128 719 4213 negotio
735 4127 883 4192 desistere
898 4147 960 4190 non
975 4134 1095 4209 posset,
1119 4131 1151 4185 et
1164 4138 1218 4183 ne·

89 4251 146 4314 que
168 4250 256 4294 suana
278 4250 377 4312 neque
396 4228 496 4314 populi
515 4226 646 4293 Romani
669 4229 913 4294 consuetudinem
937 4228 1018 4312 pati,
1042 4225 1087 4289 uti
1107 4221 1218 4307 optime

90 4342 242 4397 temutes
256 4333 358 4397 sorios
373 4331 558 4396 desereret'z
575 4332 607 4394 in
621 4332 811 4416 interpolatis
827 4341 875 4394 est
890 4329 1046 4393 ‘meritos'.
1091 4322 1220 4389 Partiei·

92 4433 169 4517 pium
185 4436 357 4520 praesentis
371 4434 515 4519 temporis
529 4434 598 4498 ideo
611 4433 791 4517 improbauit
805 4428 1026 4507 Schneiderus,
1044 4428 1123 4511 quod
1140 4425 1220 4489 llae-

96 4534 143 4599 dui
157 4537 189 4601 in
204 4538 356 4621 colloquio
376 4558 444 4601 euru
465 4534 625 4600 Ariouisto
635 4572 638 4577 ,
647 4538 685 4600 de
699 4555 773 4620 paee
788 4534 889 4598 habito
904 4553 965 4597 non
980 4540 1143 4616 propterea
1157 4527 1221 4589 lau·

97 4636 158 4703 dari
171 4638 361 4720 debuissent,
377 4640 457 4723 qnod
470 4659 539 4705 eum
552 4639 753 4725 impugnando
767 4637 845 4703 bene
860 4636 899 4700 de
913 4631 1048 4700 Caesare
1067 4646 1223 4692 mereren-
