2646 5124
14 95 86 153 indu
114 94 236 173 antuui:
263 94 389 151 dossum
414 104 513 152 etitem
532 92 688 152 eirrtuuire
705 115 739 152 ne
757 94 970 157 transcendere
987 120 1036 155 eu-

12 199 92 256 ssel'.
129 192 223 253 Ilm-n·
243 192 472 274 lluclmnlmpim
497 206 600 253 eluntre
620 191 774 253 (llorltlttut
793 198 922 277 ‹lispulul
940 200 1035 260 lessus

16 296 174 359 l’lmuuucc
193 296 344 356 institutus
362 318 419 355 nou
437 318 452 355 u
472 298 566 355 luente
584 306 612 355 et
630 307 714 376 tergo
731 297 806 359 aciei
824 300 926 360 duetus
943 301 1036 363 luisse

12 400 96 462 ultera
115 400 196 461 lossn
213 399 281 479 quid
299 408 414 480 poterut
430 398 545 459 institui
563 398 797 481 peruersiusl),
822 400 873 463 sed
890 401 1035 465 uduobus

12 522 67 565 us:
92 501 123 563 id
147 500 224 583 quud
241 500 281 562 ita
297 520 365 562 esse
380 498 445 583 ipsu
462 498 553 563 llirtii
570 499 659 563 uerba
675 500 793 563 docent.
831 498 919 583 Quod
941 503 1037 587 igitur

12 603 129 686 elegio
145 604 255 666 fossam
272 602 431 665 circumire
449 602 579 665 uoluisse
596 603 714 679 dicitur,
739 602 781 665 ita
797 614 844 667 est
856 602 1037 691 intellegen-

15 726 83 770 eum
100 706 138 767 ad
154 706 305 767 sinistram
323 717 435 787 purtem
452 705 595 785 cessisse,
618 715 649 767 ut
665 705 816 787 regionem
834 706 932 769 iussae
948 728 1037 791 snpe-

32 808 145 870 deinde
161 822 259 868 nutem
277 828 425 869 corruersa
442 808 478 869 ud
501 810 609 870 lossum
627 807 800 891 perueniret
816 826 938 889 eamque
954 820 1037 872 treu-

11 920 78 973 ret.
119 906 228 993 Neque
252 909 317 984 tic,
352 909 421 991 quid
453 910 676 992 requireretur,
709 906 857 971 turininm
880 909 967 991 fugit,
986 912 1039 975 sed

10 1012 133 1077 :ouieeit
161 1014 290 1075 ‘iussum
307 1024 405 1076 nutem
422 1013 553 1077 transire
569 1012 649 1075 ecies
666 1012 796 1074 secunde
817 1013 1037 1091 conataesset'‚

10 1116 141 1181 ›dicibus
151 1115 269 1199 longius
279 1114 402 1185 recedit,
420 1136 528 1197 neque,
546 1113 616 1197 quid
631 1114 673 1178 ita
688 1114 819 1177 secunda
829 1122 944 1177 tautum
959 1114 1039 1179 acies

10 1244 19 1283 t
35 1218 169 1283 transire
186 1218 327 1295 uoluerit,
344 1216 541 1301 intellegitur.

10 1318 34 1388 l.
50 1322 107 1399 45,
126 1320 307 1383 eolesam
324 1320 485 1383 ‘distensis
501 1319 564 1383 suis
580 1320 706 1383 tenuibus
714 1321 735 1398 ⁹,
760 1330 885 1403 eratque
900 1320 957 1385 lroc
973 1320 1040 1385 uoi-

16 1426 98 1511 quod
114 1424 227 1495 scium,
252 1424 439 1505 exemplum,
464 1444 555 1505 quoa
576 1424 772 1487 distendendo
792 1423 913 1487 lcrmnri
928 1424 1040 1489 disten-

9 1530 234 1595 uulirmuretur.
268 1524 311 1588 At
331 1526 362 1590 in
383 1525 501 1609 optimis
516 1525 603 1589 codd.
623 1526 793 1590 ‘distersis'
808 1526 935 1609 iegitur,
960 1527 1040 1611 quod

9 1632 92 1699 usis'
110 1630 254 1713 seriptum
272 1630 363 1692 luisse
380 1628 575 1691 demonstret.
607 1626 715 1712 Longe
730 1638 828 1692 autern
846 1629 1040 1712 plurimorum

9 1758 94 1813 rum,
120 1754 195 1815 quae
210 1754 229 1795 e
244 1731 393 1795 tendendo
409 1730 610 1807 descendunt,
637 1742 667 1793 et
680 1730 767 1793 ualde
782 1750 853 1792 rora
869 1740 941 1793 sunt
955 1730 1042 1793 huius

9 1862 23 1905 c
39 1835 180 1920 exemplu
195 1845 225 1899 ct
240 1833 381 1918 pleraque
397 1832 547 1895 nonsatis
564 1852 581 1894 a
598 1830 750 1895 codicibus
765 1832 894 1894 firmate,

8 1940 38 2009 2.
55 1938 111 2015 49,
128 1938 150 1999 ‘2
166 1938 240 2001 lmee
256 1937 403 2000 edunturz
423 1934 581 2019 ‘pecuniae
596 1932 792 2017 locupletibus
808 1929 1044 2015 imperabantur,

8 2044 158 2127 longinus
173 2038 231 2103 sibi
246 2058 397 2122 expensus
413 2037 488 2101 lerri
503 2060 562 2099 uon
572 2046 686 2099 tuntum
695 2033 877 2119 patiebatur,
894 2036 1046 2100 sedetiam

8 2158 56 2221 et,
72 2146 105 2209 in
121 2163 243 2229 gregem
259 2140 450 2223 locupletium
467 2140 661 2203 simultatium
678 2158 789 2203 causae
803 2148 906 2202 tenues
915 2138 1046 2202 conicie-

8 2250 46 2315 r'.
77 2246 162 2311 Toto
177 2244 316 2307 hocloco
332 2242 368 2304 de
383 2255 510 2326 quuestu
525 2245 643 2327 agitur,
668 2262 754 2325 quem
770 2236 896 2305 Cnosius
912 2241 1047 2325 pecuniis

8 2348 186 2417 uiueinlibus
202 2345 408 2431 exprimendis
424 2347 609 2411 exercuerit.
640 2344 689 2407 Ad
705 2364 791 2426 quam
815 2365 877 2407 rem
895 2344 963 2427 quid
981 2364 1048 2426 per-

7 2467 44 2531 it,
70 2450 149 2537 quod
169 2448 331 2533 locupletes
355 2448 413 2512 leui
437 2450 473 2512 de
495 2470 585 2512 cause
609 2448 742 2511 odisset?
771 2444 814 2509 Et
829 2445 915 2528 quale
931 2446 987 2508 huc
1002 2454 1051 2558 est

1205 2394 1280 2460 [.ll
