2646 5124
481 606 628 675 CAPVT
649 609 758 675 t-s.
1109 640 1115 651 ·
1179 610 1243 679 tat

57 785 184 851 alternis
200 801 262 847 non
277 780 375 844 solum
390 780 480 844 morti
495 791 621 845 mortem
635 780 883 865 exaggerabant,
908 781 961 845 sed
985 783 1115 847 tumulos
1138 796 1184 849 tu·

56 888 148 953 mulis
169 882 393 967 exaequabant.
425 881 471 947 lta
492 884 596 947 dicbus
618 884 820 968 compluribus
842 883 979 967 cupiebat
999 882 1135 964 Caesar,
1159 888 1186 951 si

57 1009 118 1075 qua
133 987 307 1053 condicione
322 997 446 1072 posset,
469 987 662 1051 aduersarios
684 988 716 1050 iu
738 1008 866 1070 aequum
881 986 976 1050 locum
993 988 1140 1053 deducere
1155 1002 1186 1053 et

58 1093 157 1179 primo
171 1110 288 1175 quoqne
304 1100 437 1174 tempore
452 1091 490 1154 dc
504 1090 583 1154 bello
598 1090 774 1155 decernere.
799 1090 831 1153 ltl
847 1110 913 1153 cum
929 1090 1184 1155 animaduerteret
1199 1090 1221 1159 b

18 1206 39 1259 ⁵
63 1194 254 1261 adommim
269 1192 391 1257 minime
406 1194 503 1272 uelle,
527 1213 673 1277 quotus,
698 1193 845 1276 quomodo
860 1193 896 1257 ab
914 1191 982 1257 Vlia
998 1202 1182 1271 retraxerat,

57 1296 428 1380 incommodantes,
457 1296 550 1378 copiis
572 1296 692 1359 flumine
714 1295 860 1359 traductis
884 1306 975 1359 noctu
997 1295 1079 1359 iubet
1099 1295 1185 1378 ignes

56 1399 123 1464 lieri
137 1418 283 1483 magnosr
308 1398 350 1462 its
364 1398 565 1463 firmissimum
582 1399 647 1461 cius
664 1398 841 1481 praesidium
858 1398 1006 1481 Ateguam
1022 1397 1186 1481 proficisci·

58 1513 123 1565 tur.
153 1498 189 1563 ltl
202 1521 270 1565 cum
284 1499 445 1585 Pompeius
461 1522 503 1565 ex
517 1502 650 1586 perfugis
666 1501 810 1564 rescisset
825 1502 848 1584 †
863 1521 921 1582 qua
943 1501 990 1565 die
1013 1502 1184 1565 facultatem
1200 1498 1222 1559 2

59 1612 91 1667 et
105 1603 262 1686 angustias
278 1622 365 1667 carra
380 1604 535 1687 complura
557 1604 655 1667 mulos
671 1613 797 1666 onustos
819 1603 950 1667 retraxit
971 1613 1002 1666 ct
1016 1603 1052 1666 ad
1069 1602 1186 1667 Cordu-

13 1714 36 1769 ο
59 1705 130 1769 bam
145 1724 180 1768 se
194 1706 318 1789 recepit.
350 1702 466 1770 Caesar
480 1706 694 1769 munitionibus
709 1704 859 1788 Ateguam
876 1726 1049 1788 oppugnare
1071 1717 1103 1769 ct
1116 1705 1185 1767 bra·
1200 1702 1220 1765 3

59 1806 130 1872 cbia
144 1807 366 1873 circumducere
391 1808 501 1892 coepit.
534 1805 684 1890 Quicum
709 1808 774 1891 [de]
798 1805 940 1891 Pompeio
962 1808 1081 1871 nuntius
1103 1816 1186 1870 esset

58 1909 188 1988 allatus,
213 1930 250 1974 eo
271 1910 319 1973 tic
341 1910 554 1995 proficiscitur.
587 1906 683 1974 Cuius
706 1911 737 1972 iu
760 1912 919 1973 aduentum
936 1910 1076 1993 praesidii
1092 1906 1219 1973 causat

59 2008 176 2077 Caesar
189 2034 258 2077 cum
268 2012 421 2097 complura
436 2014 560 2077 castella
575 2024 764 2097 occupasset,
782 2013 889 2095 partim
902 2013 951 2076 ubi
961 2013 1109 2095 equitatus
1119 2031 1185 2095 par-

57 2114 109 2178 tim
123 2116 174 2179 ubi
190 2116 340 2200 pedestris
355 2117 440 2198 copia
456 2117 488 2179 iu
502 2117 633 2179 statione
654 2126 685 2179 et
703 2116 735 2178 in
751 2116 896 2178 excubitu
911 2116 1019 2179 castris
1034 2113 1183 2199 praesidio

14 2222 33 2281 t
56 2236 125 2282 esse
140 2229 283 2301 possent,
301 2218 349 2282 bic
363 2218 395 2281 in
411 2220 540 2284 aduentu
555 2215 689 2302 Pompeii
705 2218 822 2293 incidit,
840 2228 874 2279 ut
888 2218 1034 2279 matutino
1050 2228 1184 2300 tempore

56 2318 168 2385 nebula
182 2330 266 2383 essct
280 2319 482 2384 crassissima.
512 2319 558 2385 Ita
574 2321 624 2386 illa
639 2319 852 2384 obscuratione
868 2341 934 2381 cum
950 2319 1062 2400 aliquot
1078 2316 1221 2381 cobar-b

57 2422 138 2486 tibus
158 2431 190 2485 et
209 2422 342 2505 equitum
364 2422 471 2487 turmis
492 2422 729 2488 circumcludunt
746 2418 890 2485 Caesaris
907 2422 1022 2503 equites
1039 2430 1069 2482 ot
1084 2421 1185 2482 conci-

57 2523 152 2603 dunt,
175 2524 218 2588 sic
240 2535 274 2589 nt
295 2526 349 2589 uix
371 2526 402 2590 in
428 2546 464 2590 ea
484 2528 575 2591 caede
591 2526 678 2612 pauci
694 2526 874 2608 effugerent.
908 2521 1079 2605 insequenti
1097 2520 1221 2587 nocte'i

55 2637 158 2692 castra
172 2646 227 2691 sua
241 2626 546 2715 incenditPompeius
562 2641 594 2694 ct
607 2640 693 2694 trans
709 2628 819 2691 llurnen
829 2624 949 2691 Salsum
966 2646 1018 2709 prr
1032 2623 1185 2687 conualles

10 2734 34 2795 D
55 2742 155 2797 eastre
175 2729 256 2796 inter
278 2732 336 2796 duo
357 2732 466 2818 oppida
481 2732 633 2815 Ateguam
648 2743 681 2797 et
695 2728 822 2795 chbim
844 2732 876 2794 in
898 2740 999 2793 monte
1015 2725 1182 2792 constituit.

58 2828 175 2899 Caesar
188 2834 212 2914 †
225 2834 258 2896 in
272 2835 489 2900 munitionibus
504 2835 693 2919 ceterisque,
719 2856 795 2919 quae
816 2834 854 2898 ad
876 2832 1012 2918 oppidum
1028 2851 1103 2915 opus
1120 2830 1184 2894 iue-

55 2946 140 3014 ruut‚
158 2956 298 3021 aggerem
312 2939 477 3022 uineasquc
493 2958 585 3022 agere
601 2939 739 3002 instituit.
766 2936 851 3002 llaec
866 2938 931 3001 loca
943 2946 1012 3002 aunt
1024 2931 1221 2999 montuosa2

56 3050 88 3105 et
102 3050 211 3104 notura
227 3040 307 3103 edita
322 3041 439 3105 adrem
453 3041 635 3129 militarcmq
655 3062 730 3125 quae
746 3042 873 3127 planicie
889 3042 1077 3116 diuiduntur,
1096 3033 1185 3103 Salso

55 3142 194 3222 bomine,
217 3143 357 3228 proxime
371 3154 471 3209 tumen
486 3143 635 3229 Ateguam
651 3155 683 3208 ut
697 3146 806 3210 ssumen
822 3147 881 3222 sit,
906 3144 1028 3206 circiter
1043 3160 1185 3223 passuum

165 3383 177 3434 l
193 3382 341 3447 altamira,
354 3384 463 3437 alterius
476 3402 503 3450 s,
518 3386 618 3438 alteros
633 3386 664 3449 b,·
678 3385 756 3436 alteri
771 3384 864 3435 ulteris
878 3398 905 3433 u.
1026 3376 1102 3427 morti
1116 3390 1182 3426 mou·-

55 3466 109 3511 tcn
121 3457 267 3525 aflicit.
281 3459 452 3527 Sebneidsri,
465 3471 575 3515 mortem
588 3464 664 3514 morti
679 3479 707 3513 u.
834 3460 850 3513 3
863 3456 1012 3510 conditione
1026 3453 1078 3517 (a).

55 3540 75 3591 t
87 3536 120 3587 de
132 3552 186 3589 em.
200 3552 225 3589 o.
328 3542 344 3591 b
357 3555 408 3607 quo
420 3557 467 3593 eos
478 3541 604 3609 quomodo
616 3557 676 3608 ego,
691 3557 756 3607 quos
771 3540 893 3607 quoniam
906 3553 922 3586 c
936 3537 951 3586 b
964 3551 995 3597 c‚·
1009 3546 1072 3598 quos
1086 3530 1145 3581 ideo
1158 3545 1186 3580 u.

56 3613 89 3665 P.
102 3613 165 3668 22⁹.
285 3616 317 3667 ab
331 3614 392 3667 vtio
406 3617 579 3683 ciacconius,
595 3634 609 3668 a
624 3620 667 3669 uia
681 3618 759 3669 codd.
886 3616 900 3667 b
915 3615 941 3665 in
956 3614 981 3676 b,
996 3618 1024 3661 ut
1038 3610 1062 3660 in
1076 3609 1187 3673 reliqui.

163 3690 268 3742 {lumino
280 3708 298 3743 a
312 3693 387 3744 ‘msa
403 3694 436 3759 5',
451 3698 543 3749 ilumcn
557 3712 586 3747 u.
693 3696 709 3747 7
723 3696 811 3761 itaque
826 3695 851 3745 b.
958 3692 1032 3755 thun
1047 3688 1089 3739 tic
1103 3686 1187 3738 lucul-

54 3769 136 3815 tutem
148 3770 176 3815 et
187 3782 205 3817 a
219 3768 234 3818 b
246 3784 270 3833 c,
285 3783 318 3819 ea
330 3770 372 3821 ulls
385 3772 546 3838 parniacum
559 3772 648 3824 Altius
662 3788 692 3824 u.
707 3771 741 3823 P.
754 3772 816 3823 23⁰.
953 3769 969 3820 ‘l
982 3768 1066 3819 urulos
1080 3772 1188 3817 onustos

54 3856 104 3909 ego
112 3860 122 3904 ,-
135 3843 230 3895 multos
244 3846 355 3898 lanistas
367 3863 385 3899 a
397 3853 434 3913 ct,
449 3854 498 3915 qui
509 3850 634 3909 lanistas,
650 3849 664 3898 b
680 3865 704 3899 c.
829 3848 927 3900 rctuxlt
940 3864 966 3897 n.
1085 3845 1117 3896 10
1130 3844 1191 3894 Ate-

53 3932 131 3982 guam
142 3918 230 3971 Aldus
241 3926 270 3973 t'tt
280 3926 395 3990 corrig„
412 3933 552 3992 antequam
567 3942 584 3976 u
600 3927 614 3976 b
627 3927 644 3979 2
658 3926 727 3977 dett.
836 3930 999 3993 oppugnaret
1011 3921 1118 3971 brachiu
1131 3935 1147 3969 s
1162 3922 1186 3969 b.

165 3993 195 4045 tl
210 3997 324 4062 quicum
337 3999 393 4067 [de]
407 4017 473 4067 ego,-
494 4003 538 4052 cui
551 4017 609 4053 cum
623 4002 654 4051 tle
667 4018 699 4065 a,
716 4017 773 4053 cum
787 4002 920 4064 aleb,cui
934 3995 1187 4056 ccedettgcuius

52 4066 300 4137 nisuptaam.
405 4078 965 4141 nuntiusb,nuntiatuma,·cumuuntiusu.
1074 4068 1188 4119 Uettius

53 4144 173 4197 aduentu
186 4148 211 4199 b.
319 4152 416 4206 licum
425 4155 558 4222 complura
567 4169 633 4219 cgo‚·
643 4153 778 4219 comploro
791 4152 831 4216 (α)
841 4168 867 4214 u,
877 4166 934 4200 cum
944 4149 1018 4214 plura
1031 4148 1077 4197 bc.

55 4233 213 4293 occupasset
223 4240 243 4279 a
254 4230 270 4279 b
282 4245 307 4295 e,
321 4234 459 4299 occupauit
471 4234 558 4284 Aldus
573 4248 599 4281 u.
713 4232 761 4281 sub
776 4230 908 4293 equitatus
920 4244 947 4277 u.
1056 4228 1087 4279 tt
1100 4230 1187 4296 copias

54 4316 83 4351 a·
207 4306 335 4360 tubanas
347 4310 374 4361 in
387 4310 512 4361 excubitu
525 4324 542 4358 n
555 4313 583 4359 ct
596 4321 650 4358 om.
665 4307 691 4357 in
706 4308 732 4356 b.
853 4306 883 4356 lti
897 4306 934 4355 ita
946 4320 963 4353 u
977 4302 1001 4367 b,
1017 4304 1105 4373 itaque
1118 4308 1145 4359 in
1158 4324 1186 4359 u.

164 4381 359 4439 licentram
372 4404 426 4440 om.
442 4390 467 4440 b.
573 4383 744 4439 20chtia.
850 4385 881 4439 tt
899 4382 1076 4450 Tcruplubnrn
1088 4384 1189 4437 Caesar

53 4458 353 4519 munitionibuseateris
368 4466 494 4534 perfectis
507 4464 685 4527 collimatis,
701 4479 778 4531 qnae.
887 4466 1006 4532 oppidum
1019 4482 1035 4517 c
1049 4467 1063 4517 b
1077 4466 1092 4517 3
1105 4465 1186 4526 dcta,

52 4538 174 4605 oppidum
186 4546 384 4610 oppugnandum
397 4562 424 4597 u.
531 4547 566 4597 ab
575 4558 697 4608 aggerem
711 4545 855 4612 uiurasquo
870 4545 910 4597 bis
923 4562 950 4597 u.
1056 4544 1089 4595 23
1102 4543 1187 4609 plani-

55 4614 92 4667 ῑὶθ
103 4616 154 4683 (a).
258 4623 440 4691 mtteguam
453 4640 481 4677 u.
588 4624 682 4677 butten
695 4623 732 4676 sit
743 4640 760 4675 u
774 4627 789 4675 b
802 4624 819 4679 3
832 4624 913 4685 dett..
923 4626 956 4677 acl
968 4626 1062 4675 tlumen
1076 4620 1187 4675 sintAl·

54 4692 236 4749 dusiascorr.
250 4714 279 4751 u.
387 4716 520 4769 passura.

89 4788 185 4851 (lmen,
194 4794 231 4841 erl·
246 4792 357 4855 Nipperd.
1004 4780 1049 4845 ¹&
