2646 5124
468 612 615 684 ctrvr
628 614 783 684 26-28.
1183 620 1248 692 733

61 793 212 871 dedicius,
235 786 935 874 exsentsutieudueretriusudhncprcputscs
960 834 1111 857 ......
1139 799 1189 880 qui

61 897 202 980 uiaeque
215 893 283 959 toeu
297 888 346 957 sui
361 902 540 978 pousuteu
555 893 702 971 facerent,
718 892 861 971 ceterius,
877 902 1076 977 quemnesuu
1085 899 1187 980 opinio

62 1000 135 1076 tert,
151 995 261 1061 bellun
274 995 485 1060 coniecissem.
517 990 578 1060 Sed
598 995 768 1060 nescitum
791 995 920 1060 tironem
942 1016 1003 1062 nun
1024 999 1134 1064 sudent
1154 1001 1222 1067 inii

61 1120 198 1185 campum
212 1094 359 1163 deducere
374 1099 547 1182 uestrisque
561 1097 658 1162 adhue
679 1098 733 1161 dxi
753 1099 911 1181 praesidiis
931 1098 1042 1164 bellum
1061 1101 1184 1167 ducunt

23 1214 41 1267 t
64 1200 148 1268 Nutu
161 1200 297 1287 singtdss
311 1200 451 1265 ciuiutes
466 1199 741 1266 circumsederunt:
765 1201 834 1265 inde
856 1201 915 1265 sihi
934 1214 1115 1268 commentus
1135 1224 1186 1271 ct·

62 1304 160 1391 piunt.
191 1300 295 1388 Quare
309 1314 342 1371 et
354 1303 495 1367 ciuitates
511 1313 682 1368 nostrarum
698 1303 825 1388 pnrtiunr
839 1304 1024 1369 cunsemabc
1037 1306 1184 1372 etbeilum
1198 1305 1221 1373 ⁷

60 1407 156 1491 primu
171 1426 290 1490 queque
304 1417 437 1491 tempore
451 1403 619 1470 conticium.
644 1401 796 1471 Cohortes
811 1409 844 1470 iu
855 1406 956 1470 enimc
967 1407 1063 1473 huben
1077 1409 1116 1473 ud
1131 1426 1187 1474 uus

60 1509 193 1573 mittere.
222 1505 362 1574 Proiecto
376 1519 482 1573 nostro
496 1518 665 1573 commeatu
679 1509 789 1592 priuati
802 1511 974 1574 necessario
990 1511 1028 1575 ed
1042 1508 1187 1575 dimicen-

62 1612 131 1675 dum
147 1611 349 1676 descendent’.
377 1609 553 1694 Insequenti
570 1623 703 1695 tempore
718 1631 784 1674 euru
800 1611 896 1676 nostri
909 1611 942 1675 in
958 1632 1047 1698 opere
1063 1613 1186 1678 distenti
1200 1610 1243 1685 Π

10 1722 39 1777 td
63 1722 188 1792 esseut,
212 1713 327 1798 equites
340 1713 373 1778 in
388 1713 516 1793 olineto,
533 1714 602 1778 dum
618 1713 788 1799 liguratur,
810 1712 959 1779 interiecti
974 1725 1045 1779 suut
1059 1716 1182 1800 aliquot.

63 1811 155 1880 Serui
170 1817 407 1900 transfugerunt,
422 1816 475 1901 qui
490 1818 717 1894 nuntiauerant,
734 1837 764 1879 u.
782 1815 812 1879 d.
830 1827 865 1879 111
880 1815 965 1883 Non.
982 1814 1077 1883 Mart.
1093 1819 1219 1902 prce-2

62 1918 133 1982 lium
148 1919 186 1982 ed
200 1915 337 1983 Sericum
351 1919 432 2003 quud
447 1920 558 1983 iactum
574 1929 638 1997 est,
656 1939 697 1982 cx
713 1938 749 1981 eu
764 1928 898 2003 tempore
913 1931 1024 1985 metum
1040 1938 1108 1986 esse
1122 1939 1185 1985 me·

61 2040 167 2105 gnum,
190 2031 223 2086 et
236 2010 353 2086 Attium
368 2019 485 2086 Verum
507 2022 621 2086 circum
642 2020 768 2086 castelle
782 2040 934 2105 praeesse.
966 2020 1015 2086 Eu
1029 2022 1077 2088 die
1093 2016 1183 2087 Pctu-
1199 2021 1219 2086 3

61 2123 143 2207 peius
158 2133 259 2189 cestra
274 2124 416 2189 munitet
429 2134 535 2188 contre
544 2122 689 2207 Hispalim
705 2123 736 2186 in
752 2121 865 2187 olineto
875 2124 1042 2190 constituit.
1067 2121 1185 2190 Caesar

10 2234 36 2288 tt
60 2223 233 2308 priusquam
248 2225 354 2290 eudem
369 2237 417 2290 est
431 2227 595 2310 proiectus,
612 2224 682 2290 luna
698 2225 773 2288 horn
787 2226 910 2290 circiter
923 2237 1013 2290 sexta
1033 2228 1101 2291 uisu
1122 2238 1180 2291 est.

59 2323 106 2390 ite
120 2325 233 2389 cestris
247 2326 336 2390 mutis
350 2324 480 2392 chbitn
494 2325 655 2412 Pompeius
670 2327 862 2411 praesidium,
879 2328 957 2411 quud
972 2330 1103 2412 reliquit,
1121 2330 1184 2392 ius·
1198 2327 1219 2391 1

58 2426 102 2491 sit
115 2438 150 2490 ut
163 2427 359 2493 incenderent
373 2439 405 2494 et
417 2430 522 2495 deustu
535 2430 643 2515 oppidu
657 2430 689 2493 in
704 2440 806 2494 castre
819 2430 936 2493 maiore
950 2448 984 2493 se
999 2430 1180 2514 reciperent.

58 2525 233 2612 insequenti
249 2541 383 2615 tempure
390 2528 592 2618 Ventipcncm
604 2533 739 2619 oppidum
756 2553 824 2597 cum
835 2551 1009 2617 oppugnare
1020 2534 1181 2616 coepisset,
1198 2531 1218 2594 5

58 2630 209 2697 deditione
224 2633 303 2698 iectu
316 2635 375 2700 iter
390 2635 461 2700 tecit
474 2631 693 2713 racemum,
711 2645 816 2700 contre
823 2633 999 2719 Pompeium
1014 2645 1115 2699 cestre
1131 2654 1183 2720 pc·

10 2744 31 2801 0
55 2735 127 2801 suit.
145 2732 306 2822 Pompeius
315 2737 467 2823 oppidum,
477 2739 669 2822 quodcuntra
678 2759 732 2803 sus
742 2739 890 2822 praesidis
898 2748 1000 2823 portus
1009 2738 1181 2815 clausisset,

55 2837 210 2920 ineenditq
232 2840 389 2924 milesque,
406 2841 458 2925 qui
474 2842 598 2905 drauum
613 2861 699 2906 snum
714 2840 746 2906 in
761 2841 870 2906 cestris
885 2841 1068 2925 iugulasset,
1086 2842 1180 2906 inter·
1194 2841 1216 2906 6

57 2949 165 3024 ceptus
179 2949 226 3004 est
240 2961 258 3004 s
273 2942 432 3008 nostriset
447 2944 520 3009 iusti
535 2963 708 3029 percussus.
742 2943 822 3009 Hinc
836 2944 945 3010 itinere
960 2947 1041 3010 iacto
1054 2946 1086 3010 in
1102 2964 1183 3011 wm-

56 3062 125 3127 pnm
139 3040 340 3109 Mundensem
354 3065 422 3109 curu
435 3056 518 3112 esset
533 3056 668 3126 uentum,
685 3058 785 3113 ussus
799 3059 905 3113 ccntm
919 3044 1094 3134 Pompeium
1110 3068 1182 3112 ccu-

57 3145 166 3210 stitnit.
197 3143 344 3231 Sequenti
365 3147 501 3214 discum
523 3149 584 3215 iter
605 3151 705 3215 iacere
726 3146 844 3216 Caesar
865 3172 933 3216 curn
955 3152 1049 3235 copiis
1074 3151 1178 3227 uellet,
1195 3150 1240 3219 28

10 3260 28 3314 t
52 3249 258 3313 nnuntiuturn
273 3261 349 3314 este
361 3251 596 3335 upeedutoribus
606 3250 779 3338 Pompeium
796 3254 832 3317 de
847 3253 937 3315 tertia
952 3251 1054 3333 uigilis
1068 3251 1100 3313 in
1115 3248 1181 3313 scie

55 3351 191 3415 stetisse.
224 3349 292 3415 Huc
306 3352 412 3417 nuntio
427 3355 518 3420 allato
533 3357 677 3421 uexillum
693 3356 858 3442 proposuit.
890 3351 1007 3416 ldcirco
1029 3352 1106 3416 enim
1130 3352 1217 3416 c0-2

54 3454 121 3539 pias
137 3454 296 3533 eduxerat,
314 3456 392 3538 quot
406 3453 647 3524 Vrsnunensium
663 3457 790 3534 ciuitati,
808 3458 864 3544 qui
876 3458 929 3518 sui
942 3454 1070 3518 fuissent
1085 3455 1181 3517 fautu·

54 3576 120 3636 res,
137 3566 225 3621 antea
240 3555 359 3623 litteras
374 3557 508 3642 miseret,
527 3559 691 3629 Caesarem
714 3560 793 3624 nolle
815 3558 845 3623 in
871 3556 1036 3622 conuallem
1058 3556 1182 3621 descen·

167 3687 178 3738 1
194 3687 361 3742 uduerstries
373 3703 426 3742 cut.
441 3690 466 3742 d.
586 3693 722 3761 propulsos
736 3705 753 3742 a
766 3691 790 3755 d,
805 3687 928 3757 propulsu
940 3705 971 3753 c,·
987 3690 1124 3757 propulsus
1137 3689 1183 3740 he·

53 3764 145 3816 Mnus
159 3780 187 3815 u.
199 3764 342 3818 Lacunam
354 3781 404 3834 ege
415 3772 524 3821 notaui.
649 3770 692 3835 qni
705 3785 722 3818 c
736 3769 760 3832 d,
775 3775 861 3819 tumen
874 3783 902 3818 u.
1025 3769 1041 3820 2
1055 3776 1145 3820 nostre
1158 3784 1182 3821 e.

164 3842 239 3895 dfert
250 3843 609 3909 cud.Vt·c.,i'ersesstud‚
714 3846 916 3897 conficissemu.
1023 3853 1143 3915 tyronem
1155 3860 1182 3900 a.

164 3921 328 3972 ddueerua.
432 3923 477 3973 dxi
490 3937 516 3986 a,
532 3920 594 3971 freti
607 3921 667 3972 edd.
775 3923 905 3975 dunded.
1012 3925 1181 3990 tiutdett„

56 3998 236 4064 omaettqui.
358 4001 792 4064 ducstriad,ucstriteruereu.
899 4003 1062 4068 iduiiquid.

56 4073 87 4126 11
100 4070 167 4124 Nun.
176 4070 258 4126 diesi.
267 4092 293 4140 a,
303 4074 434 4129 Neutrum
441 4077 561 4134 Murtiiut
574 4082 602 4127 et
612 4081 653 4127 ric
666 4078 723 4128 ‘uei
734 4077 799 4130 liud.
812 4076 901 4128 Martii
914 4079 987 4128 med.
1097 4073 1184 4129 tusu-

53 4153 136 4203 ricnnt
150 4152 174 4216 d,
190 4151 300 4223 Siricnnn
314 4171 338 4220 c,
351 4154 468 4207 Siritiuru
481 4171 520 4217 u,·
534 4154 661 4206 Sericitm
674 4171 701 4205 u.
809 4155 840 4206 11
852 4155 946 4220 spuiim
957 4169 986 4204 u.
1091 4154 1185 4204 cunsti-

55 4227 108 4280 tuit
119 4244 137 4279 u
150 4230 174 4294 d,
189 4231 309 4282 constitit
320 4247 348 4283 u.
472 4232 504 4284 tt
518 4245 548 4281 ec
563 4232 589 4281 d.
714 4232 744 4284 td
757 4229 882 4281 Accubirn
895 4245 921 4279 a.
1039 4228 1072 4281 17
1084 4237 1113 4282 ut
1124 4246 1185 4283 cum

55 4318 111 4356 utto
122 4304 177 4356 det.
191 4321 246 4358 cm.
260 4323 288 4359 tt.
437 4309 470 4360 18
482 4306 653 4375 Ventipuuem
666 4322 733 4373 ego,-
746 4305 904 4373 Ventipunte
917 4306 972 4377 4⁶5
986 4302 1138 4376 Ventipunti
1152 4326 1183 4375 σς

55 4382 228 4453 Ventispuute
241 4388 330 4439 Aldus
342 4402 370 4439 u.
380 4387 445 4440 Vsu.
456 4386 483 4439 V
483 4387 552 4438 deri.
567 4388 644 4455 Hisp.
651 4402 681 4453 p.
691 4384 752 4436 att·
859 4383 1036 4437 idintersecit
1048 4399 1075 4437 a.

52 4472 195 4534 contraque
207 4481 270 4518 cum
282 4469 298 4519 1
310 4468 379 4520 dett.
393 4481 422 4517 tt.
546 4466 575 4519 tt
592 4466 765 4531 iuteremptus
779 4465 793 4514 d
807 4481 830 4514 e.
954 4464 988 4517 23
1001 4466 1142 4518 undenso!
1156 4480 1184 4515 u.

160 4545 250 4599 25⁸·
265 4541 638 4609 ‘msc.etedd.qdd.’,ubu.
747 4541 780 4595 26
791 4543 943 4596 constitisse
959 4543 984 4594 d.
1090 4539 1185 4595 2in-

51 4624 220 4676 suumnsinn
233 4622 432 4692 Gduudurpu'uc,
445 4617 668 4677 Vertsuuensiurn
681 4618 760 4672 codd.
873 4622 917 4689 qui
930 4622 971 4674 sui
983 4635 1034 4687 σεο
1045 4615 1181 4684 suppleat.
