2646 5124
355 568 498 639 COMM.
514 571 544 641 V
560 568 654 639 GAP.
671 572 780 639 7-e.
1122 576 1186 645 ³53

76 745 225 831 imperat,
242 744 270 809 si
286 745 344 809 nim
361 745 451 809 faciat
466 766 563 829 neque
578 756 701 829 pareat,
718 745 845 809 interfici
860 746 943 809 iubet
958 745 1032 810 nihii
1049 746 1164 813 huuc7

67 848 181 913 obsente
198 869 252 933 pro
268 868 344 911 sano
358 848 504 911 iacturum
520 848 705 925 arbitratus,
723 848 771 931 qui
788 848 953 931 praesentis
969 848 1126 933 imperium

67 950 205 1015 lenisset.
220 947 532 1015 Ilicemmreuocatus
542 950 867 1015 resistereacscmauu
881 951 1040 1016 defendere
1055 974 1126 1017 suo·
1141 952 1164 1018 8

67 1072 133 1139 tque
141 1054 229 1117 fidem
239 1052 400 1139 implorare
407 1052 503 1137 coepit
511 1074 601 1137 saepe
613 1052 768 1117 clamitans
776 1052 899 1117 liberum
909 1074 942 1117 se
955 1052 1127 1137 liberaeque

67 1156 235 1221 eciuitatis.
253 1151 314 1234 ltti,
331 1155 632 1321 uterplimperetum,
649 1154 1163 1239 circumsistuuthominematquc9

67 1258 211 1323 rticiunt:
236 1267 268 1321 at
289 1257 405 1341 equites
450 1258 538 1322 aedui
560 1257 597 1321 ad
615 1253 777 1322 Caesarem
794 1277 897 1321 omnes
918 1268 1124 1323 reuertuntur.

86 1358 149 1425 ldis
168 1358 261 1423 rebus
287 1360 382 1443 gestis
404 1356 542 1424 Labieno
563 1360 594 1423 in
618 1360 792 1424 continente
814 1381 881 1423 cum
905 1358 1001 1423 tribus
1027 1360 1160 1445 legio-8

67 1484 90 1529 ts
105 1472 140 1527 et
155 1462 289 1545 equitum
304 1460 421 1525 milibus
436 1461 552 1526 duobus
567 1462 686 1539 relicto,
705 1472 737 1525 ut
749 1472 852 1545 portus
869 1472 1003 1527 tueretur
1018 1472 1051 1526 ct
1063 1483 1128 1527 rem

67 1565 232 1631 remuriam
263 1564 435 1649 procideret
460 1585 595 1647 quaeque
620 1564 652 1627 in
683 1560 783 1627 Gallia
808 1574 987 1647 gererentur
1016 1586 1128 1649 cogno-

67 1678 105 1733 ιι
117 1666 337 1749 consiliumque
351 1687 405 1751 pro
417 1677 548 1750 tempore
563 1677 594 1732 et
609 1687 663 1750 pro
679 1688 713 1731 re
728 1676 862 1750 caperet,
879 1666 944 1749 ipse
960 1688 1026 1730 cum
1042 1667 1164 1750 quin-2

75 1768 250 1853 legionibus
265 1778 297 1833 et
311 1770 375 1853 pari
390 1790 513 1833 numero
529 1770 680 1853 equitnm,
706 1790 791 1851 quem
814 1768 846 1831 in
869 1769 1034 1833 continenti
1055 1768 1127 1833 reli-

67 1882 123 1949 ret,
137 1870 178 1935 ad
192 1870 269 1935 solis
286 1892 423 1936 occasum
439 1893 532 1938 naues
547 1872 641 1936 soluit
655 1882 686 1935 et
700 1871 760 1935 leui
777 1870 881 1935 Africo
889 1882 1049 1954 prouectus
1064 1895 1126 1938 mc·

70 1974 196 2037 circiter
216 1984 307 2037 nocte
330 1986 418 2038 uento
440 1974 611 2039 intermisso
631 1996 751 2037 cursum
775 1996 834 2037 non
851 1974 947 2038 tenuit
961 1983 992 2039 et
1007 1974 1125 2061 longius

67 2084 120 2139 tus
135 2086 225 2139 aestu
239 2087 307 2139 orta
323 2077 453 2141 iucesub
468 2077 593 2141 sinistra
600 2074 786 2140 Britanniam
801 2077 935 2141 relictam
952 2079 1123 2162 conspexit.

67 2199 88 2241 n
111 2198 218 2243 rursus
241 2189 341 2243 aestus
363 2178 623 2243 commutationem
647 2188 767 2241 secutus
789 2179 879 2241 remis
896 2181 1069 2260 contendit,
1094 2178 1161 2243 ot3

67 2302 77 2343 ι
93 2290 209 2365 partem
222 2279 335 2345 insulae
346 2293 479 2365 caperet,
496 2303 554 2365 qna
569 2281 709 2365 optimum
719 2300 787 2343 esse
802 2301 955 2363 egressum
971 2282 1127 2365 superiore

67 2390 133 2471 tete
147 2394 337 2465 cognouerat.
384 2381 453 2466 Qua
475 2384 505 2448 in
520 2406 554 2449 rc
569 2383 724 2448 admodum
741 2383 796 2445 suit
812 2382 937 2445 militum
953 2382 1049 2447 uirtus
1065 2384 1128 2447 lau·
1144 2384 1164 2448 4

67 2482 120 2561 da,
138 2484 190 2571 qni
205 2487 344 2549 uectoriis
353 2486 553 2574 grauibusquc
562 2486 691 2571 nauigiis
700 2508 758 2550 nou
774 2484 949 2549 intermisso
965 2484 1129 2567 remigandi

67 2606 112 2651 tre
126 2586 281 2671 longarum
298 2589 419 2652 nauium
435 2610 553 2653 cursum
570 2590 787 2673 adaequarunt.
833 2587 999 2651 Accessum
1023 2598 1071 2651 est
1091 2586 1164 2651 aas

67 2688 197 2753 tenuium
213 2690 350 2755 omuibus
365 2692 492 2756 nauibus
508 2693 672 2757 meridiano
688 2694 753 2756 scre
769 2700 915 2773 tempore,
933 2710 1030 2772 neque
1045 2690 1077 2753 in
1092 2710 1129 2755 eo

67 2814 74 2855 ι
88 2790 187 2857 bostis
203 2802 252 2856 est
267 2794 369 2873 uisus,
386 2795 461 2873 sed,
479 2805 511 2858 ut
525 2807 628 2879 postea
646 2789 763 2857 Caesar
778 2814 817 2856 ex
832 2792 959 2877 captiuis
975 2792 1127 2877 cognouit,
1143 2790 1165 2857 6

67 2916 74 2957 ι
87 2914 220 2981 maguae
235 2916 338 2959 manus
353 2918 390 2960 eo
406 2898 631 2976 conuenissent,
649 2895 837 2960 multitudiue
854 2897 973 2961 nauium
982 2896 1128 2983 perterri-

67 3042 74 3075 ,
97 3016 178 3081 quae
200 3019 266 3061 cum
282 3000 432 3064 annotinis
448 2999 653 3083 priuatisque,
678 3021 752 3082 quas
775 2999 821 3063 sui
845 2999 967 3082 quisque
982 3000 1129 3065 commodi

67 3108 135 3181 net,
152 3100 479 3187 ampliusoctingentae
494 3124 552 3165 nno
569 3113 657 3165 erant
673 3101 756 3165 uisae
772 3113 917 3185 tempore,
935 3102 1053 3167 alitore
1068 3102 1129 3165 dis·

67 3213 168 3267 terant
181 3224 217 3265 ac
233 3224 266 3267 se
282 3203 310 3266 iu
326 3205 480 3289 superiora
497 3204 561 3267 loca
577 3203 762 3267 abdiderant.
787 3198 904 3266 Caesar
919 3204 1058 3284 exposito
1073 3224 1128 3266 ex·
1144 3202 1166 3271 9

67 3302 109 3369 itu
124 3315 157 3371 et
171 3305 239 3369 loco
254 3307 363 3369 castris
378 3307 485 3371 idoneo
502 3315 607 3388 capto,
626 3304 673 3367 ubi
691 3325 731 3367 ex
747 3303 871 3387 captiuis
888 3304 1048 3385 cognouit,
1073 3323 1132 3385 quo

67 3428 127 3471 oco
149 3406 279 3473 hostium
302 3408 406 3492 copiae
421 3408 645 3484 consedissent,
670 3404 845 3469 cohortibus
868 3404 968 3467 decem
990 3404 1027 3465 ad
1051 3423 1133 3467 mare

67 3508 134 3573 {ctis
148 3520 181 3575 et
193 3510 342 3595 equitibus
358 3511 513 3589 trecentis,
531 3510 578 3593 qui
596 3507 1003 3594 pracsidionouihusesseut,
1020 3506 1058 3571 de
1074 3516 1133 3571 ter·

124 3714 135 3767 i
151 3714 291 3784 imperauit
304 3720 368 3769 dee.
473 3718 552 3787 hunc]
567 3735 624 3771 curn
639 3720 683 3770 dc.
793 3717 965 3777 Hectorem]
978 3715 1090 3767 futuram
1106 3717 1130 3767 d.

124 3794 214 3845 desse
226 3796 344 3847 ciuitatis
358 3797 382 3847 A
390 3797 413 3847 B
422 3796 476 3847 CD
483 3832 491 3859 ,
507 3796 623 3848 ciuitatis
636 3811 693 3846 esse
708 3811 734 3844 n.
854 3794 870 3845 d
883 3793 983 3860 equites
998 3792 1096 3843 Haedui
1108 3794 1135 3843 A

72 3868 139 3933 De,
154 3870 238 3922 Aedui
252 3872 354 3939 equites
367 3890 385 3924 n
404 3873 498 3935 (Aedui
512 3874 581 3939 (nt).
697 3874 713 3924 t
726 3872 869 3923 continenti
884 3875 950 3921 dcc.
1049 3872 1065 3923 8
1079 3886 1132 3921 rem

67 3946 214 3997 neumaiam
227 3948 267 4013 D,
283 3966 311 3999 rc
325 3948 495 4001 frumentaria
507 3952 532 4001 A
540 3952 563 4001 B
573 3950 595 4001 C
602 3970 611 4013 ‚·
626 3950 662 3999 rei
678 3948 864 4001 frumentariae
876 3963 892 3998 a
902 3965 925 3999 e.
1031 3947 1134 4014 donne·

67 4020 122 4089 lae
135 4037 202 4089 quoe
217 4026 240 4075 b.
358 4028 520 4094 gererentur]
534 4029 624 4077 sterent
639 4027 687 4077 td.
810 4027 838 4077 11
856 4026 1008 4091 reliqueret,
1023 4024 1054 4073 ed
1069 4024 1133 4073 sotis

67 4112 136 4149 mum
150 4100 175 4150 B
187 4105 216 4149 ct
227 4104 327 4165 ceteri,-
341 4103 514 4169 relinquebat,
529 4104 593 4155 sotis
607 4118 700 4153 occasu
714 4118 731 4153 c
741 4102 831 4153 dede.
978 4101 1010 4153 u
1024 4100 1136 4151 Britani-

67 4178 102 4229 B.
213 4180 450 4233 i5coosecutusd.
556 4180 946 4249 tssremigendilnauigendid.
1033 4180 1136 4233 208ιὶ-

67 4253 160 4307 utB.
247 4256 279 4309 'tt
294 4259 537 4322 cognouitB‘om.
549 4257 689 4323 plura'mi',
704 4260 827 4325 comperit
841 4274 868 4307 u.
956 4260 1090 4321 nmero·
1101 4258 1135 4307 A.

122 4331 264 4384 multitudo
277 4350 312 4383 m.
323 4350 369 4399 pr.
385 4335 417 4386 B.
564 4335 597 4385 2³
611 4334 651 4384 sui
664 4332 771 4401 quisquc
784 4334 910 4387 commodi
924 4336 948 4385 A
954 4336 1000 4400 (B)
1011 4334 1034 4385 C
1040 4334 1065 4384 D
1071 4372 1079 4399 ,
1094 4334 1135 4385 sui

67 4410 145 4461 modi
158 4410 266 4477 quisque
278 4426 360 4461 censa
373 4429 397 4462 c.
501 4414 535 4467 :ti
548 4428 609 4463 neoc
621 4412 679 4478 (B).
782 4430 833 4465 nno
847 4422 922 4465 erent
936 4414 1010 4464 uisae
1023 4420 1136 4481 tempore

67 4488 167 4541 diserto
176 4492 290 4555 testim.)
301 4492 375 4541 ‘man
389 4496 443 4543 enei
453 4492 563 4553 omnes’,·
577 4505 628 4541 unu
641 4498 717 4541 erunt
729 4492 811 4553 uisae,
825 4493 917 4543 timore
930 4508 970 4543 ac
981 4498 1008 4543 ct
1015 4506 1066 4557 pro
1076 4506 1136 4541 nar.

68 4604 77 4619 .
91 4584 116 4617 e.
221 4570 383 4621 disceseraut
397 4572 428 4622 B.
529 4572 563 4623 25
577 4569 711 4637 superiore
725 4570 781 4621 loeo
791 4586 844 4636 pro
858 4587 918 4625 nar.
934 4572 995 4623 tect.
1010 4572 1045 4621 A.

67 4646 178 4710 eectd).
284 4647 315 4697 do
328 4664 380 4699 orn.
395 4648 421 4699 d.

67 4751 138 4798 κω,
152 4740 188 4787 «ι.
205 4740 311 4800 novera.
946 4747 989 4813 23
