2646 5124
399 120 540 189 costel.
558 120 604 187 lll
621 122 714 189 CAP.
732 122 844 188 6-9.
1184 128 1245 193 315

63 301 153 363 silius
170 297 285 361 missus
301 298 334 359 in
349 294 493 373 Bennios,
511 293 635 360 blarcus
652 296 783 360 Trebius
801 296 905 360 Gallus
924 297 956 359 in
973 292 1187 376 Coriosolitas,

61 400 193 485 Quintus
208 399 358 465 Velanius
375 421 442 463 cem
456 396 529 463 Tito
544 395 620 463 Silio
636 400 667 463 iu
682 397 831 464 Venetos.
876 397 974 463 lluius
990 411 1037 463 est
1052 399 1185 464 ciuitatis
1200 400 1223 470 8

57 504 151 589 longe
172 503 357 589 amplissima
380 501 542 565 auctoritas
565 502 663 567 omnis
686 523 759 566 orae
783 502 949 567 maritimae
964 502 1119 585 regionum
1135 523 1188 566 ea·

57 628 137 686 rnna,
154 608 236 691 qued
252 616 285 671 et
299 626 393 669 nanes
409 605 519 669 babent
534 603 643 669 Veneti
659 606 814 690 plurimas,
831 605 939 689 quibus
953 604 985 667 in
1000 602 1187 669 Britanniam
1209 666 1216 681 ,

23 716 40 769 ⁵
61 710 210 797 nauigare
224 718 428 785 consuerunt,
452 717 483 772 et
502 707 628 773 scientia
644 721 735 791 atque
750 730 806 772 usu
822 710 1008 772 nauticarum
1023 727 1124 771 rernm
1138 728 1188 771 re-

59 814 156 897 liquos
171 812 358 877 antecedunt
379 819 410 875 et
429 811 463 874 in
484 832 594 897 magno
616 811 727 896 impetu
751 812 843 875 maris
858 823 950 894 atque
966 819 1070 893 aperto
1087 808 1188 893 parmis

60 915 196 1001 portibus
210 914 394 993 interiectis,
412 935 486 997 qnos
502 924 607 979 tenent
620 916 690 999 ipsi,
707 935 812 977 omnes
829 916 911 992 lere,
935 914 984 996 qui
1001 933 1036 976 eo
1053 911 1128 975 mari
1145 910 1189 975 uti

62 1028 267 1095 coarsuerunt,
292 1017 406 1081 babent
427 1017 603 1101 uectigales.
646 1017 696 1081 Ab
712 1018 758 1080 bis
775 1020 807 1079 lit
822 1017 938 1081 initium
954 1014 1101 1079 retinendi
1119 1008 1224 1079 sitiit
1291 1078 1294 1083 ,

59 1132 150 1205 atque
164 1118 307 1201 Velanii,
331 1119 409 1203 qnotl
431 1142 487 1205 per
501 1141 553 1184 cos
568 1140 642 1183 suos
657 1141 691 1183 se
706 1119 844 1197 obsides,
862 1140 937 1202 quos
954 1114 1068 1182 Crasso
1091 1116 1189 1181 (ledis-

10 1222 37 1281 lO
57 1234 141 1299 sent,
156 1222 381 1307 reciperaturos
396 1223 620 1287 existimabant.
666 1221 782 1287 Horum
805 1222 982 1285 auctoritate
998 1218 1116 1284 finitimi
1136 1213 1224 1282 ael-3

62 1326 147 1391 electi
168 1328 223 1405 (nt
241 1336 316 1390 sent
330 1323 485 1389 Gallorum
508 1324 606 1389 subita
629 1336 661 1389 et
675 1327 832 1409 repentina
849 1324 999 1405 consilia)
1022 1322 1127 1386 carlom
1150 1319 1188 1383 cle

61 1450 155 1493 causa
162 1426 306 1493 Tbebinm
315 1426 583 1512 Terrasidiumque
597 1429 743 1507 retinent,
761 1438 792 1492 et
806 1427 946 1493 celeriter
959 1424 1060 1489 missis
1077 1422 1186 1507 legatis

58 1552 113 1615 per
124 1552 200 1597 snos
219 1530 372 1615 principes
393 1532 475 1595 inter
496 1553 530 1596 se
551 1532 710 1596 coniurant
731 1532 804 1596 nihil
819 1532 877 1596 nisi
893 1528 1041 1593 communi
1057 1525 1186 1591 consilio

58 1644 185 1699 acturos
200 1635 386 1717 euntemque
407 1634 505 1697 omnis
526 1635 665 1699 fortunae
680 1635 795 1699 exitum
810 1654 880 1699 esse
896 1634 1021 1710 laturos,
1038 1624 1221 1712 reliquas-4

10 1738 35 1797 lt
56 1758 117 1820 qne
132 1735 279 1801 ciuitates
292 1736 468 1815 sollicitent,
486 1737 565 1800 utin
580 1758 616 1801 ea
632 1736 789 1817 libertate,
820 1759 908 1820 quam
924 1758 941 1799 a
957 1732 1120 1798 maioribus
1136 1750 1186 1793 ac·

59 1848 231 1923 ceperant,
251 1858 423 1921 permanere
445 1860 534 1922 quam
549 1837 755 1904 Romanorum
770 1841 947 1904 seruitutem
962 1836 1097 1920 perlerre
1112 1831 1187 1895 mal·

57 1942 139 2007 lent.
186 1936 280 2007 Omni
299 1962 352 2007 era
369 1943 519 2008 maritime
541 1944 683 2007 celeriter
696 1944 733 2007 ad
748 1964 832 2007 suam
847 1939 1029 2006 sententiam
1046 1928 1222 2019 perductab

58 2064 250 2109 connnrnne
264 2044 443 2129 legationem
458 2047 495 2109 ad
507 2044 646 2111 Publium
662 2042 806 2111 Crassum
822 2047 956 2120 mittunt,
984 2040 1012 2105 si
1026 2036 1102 2102 uelit
1116 2054 1187 2098 suos

58 2148 209 2233 recipere,
228 2146 350 2213 obsides
364 2149 424 2213 sibi
439 2151 585 2214 remittet.
617 2146 734 2231 Quibus
750 2151 787 2215 cle
802 2148 893 2212 rebus
910 2142 1028 2210 Caesar
1042 2140 1079 2204 ab
1091 2134 1222 2205 Cras-ll

17 2254 43 2311 Ι
60 2270 93 2315 ιο
106 2252 222 2315 certior
236 2252 355 2328 faetus,
380 2254 458 2335 qnod
473 2253 538 2337 ipse
554 2253 660 2317 aberat
673 2255 811 2336 longius,
835 2270 929 2315 naues
945 2244 1065 2312 interim
1081 2243 1187 2325 longas

62 2352 210 2417 aerlilieari
225 2354 258 2417 in
274 2354 396 2419 llumine
410 2352 536 2440 Ligere‚
554 2358 631 2439 quod
646 2358 744 2421 iulluit
758 2357 790 2419 iu
806 2352 979 2428 Oceanum,
996 2348 1129 2430 remiges
1145 2363 1187 2407 ex

64 2456 215 2539 prouincia
229 2456 369 2535 institui,
394 2470 500 2523 nautas
523 2460 801 2541 gubernatoresque
816 2454 981 2541 comparari
995 2451 1089 2517 iubet.
1127 2444 1222 2511 nist

66 2556 146 2623 rebus
162 2558 308 2625 celeriter
321 2561 538 2626 administratis
553 2561 640 2646 ipse,
665 2584 732 2627 eurn
753 2562 878 2646 primum
899 2580 954 2644 per
976 2554 1047 2622 anni
1068 2564 1184 2637 tempus

167 2810 180 2863 l
195 2809 223 2861 in
236 2806 352 2863 Esubios
374 2810 423 2879 (A)
433 2812 457 2862 B
468 2812 557 2865 CDE
576 2809 715 2878 ‘epttml’,
737 2810 863 2859 numellos
882 2808 1003 2859 resolues
1016 2820 1045 2867 e,
1067 2804 1093 2853 in
1105 2799 1187 2853 Vocl-

74 2884 134 2953 ltts.
258 2884 295 2937 Μ.
309 2886 422 2941 Trebius
435 2890 482 2956 (B)
495 2908 513 2940 u
520 2927 529 2954 ,
543 2890 655 2941 Trebius
669 2890 768 2938 euriaco
777 2889 956 2951 praenomine
962 2884 999 2948 s,
1013 2877 1148 2929 lotreniris
1161 2890 1185 2926 e.

168 2962 377 3031 Coriosolitas·
496 2966 638 3034 bQuintus
651 2968 691 3029 B,
706 2962 738 3030 Q.
753 2980 781 3013 u.
905 2958 1030 3011 b‘elooins
1043 2955 1078 3005 A.

76 3036 122 3093 uu
133 3042 172 3109 B,
186 3040 221 3093 τ.
234 3058 262 3096 ιι.
342 3045 419 3097 sulio
432 3046 701 3115 Arresprurrmr,
716 3044 770 3094 cru
782 3044 819 3094 o.
907 3028 1187 3097 suessionenses.

170 3122 188 3173 ⁴
201 3120 311 3174 babeant
322 3138 360 3176 m.
369 3140 416 3189 pr.
431 3126 456 3177 b.
560 3124 666 3177 Venelli
680 3127 704 3188 b,
722 3121 816 3173 Nonou
829 3136 951 3188 cupreae.
967 3134 1020 3169 ree.
1034 3130 1071 3166 rra.
1085 3113 1188 3164 Acerra·

77 3210 121 3259 W·
254 3202 411 3255 Brittaniam
423 3204 494 3266 BD,
509 3204 682 3257 Brittanniam
698 3204 720 3255 C
732 3202 830 3267 atsere
842 3202 941 3265 ubique
947 3199 983 3262 s,
997 3191 1140 3245 Britaoiam
1152 3188 1185 3241 Ε.

168 3282 350 3335 beenanerint
361 3300 398 3337 m.
409 3300 454 3352 pr.
470 3286 504 3337 Ο.
609 3285 773 3336 nauticarum
785 3297 838 3333 om.
846 3280 884 3345 s,
899 3286 1035 3330 nautarum
1047 3270 1112 3324 DE.

80 3368 149 3409 eran
160 3359 241 3427 bes,
255 3377 310 3413 ora.
322 3362 377 3413 AB
386 3361 481 3415 CDE.
586 3359 711 3427 reliquos]
725 3366 829 3410 eeteros
843 3358 857 3405 b
869 3372 882 3405 e
887 3357 918 3423 s.
1012 3351 1027 3403 7
1041 3346 1083 3415 eo]
1096 3346 1186 3399 eedem

80 3428 124 3497 ts‚·
134 3434 258 3503 temque
270 3437 303 3490 de
314 3438 340 3491 D
355 3439 444 3490 tradit
458 3439 545 3503 llud„
559 3438 710 3503 scesclae,
724 3442 755 3487 ut
767 3434 884 3500 exempl.
897 3432 982 3485 Febr.
993 3429 1080 3480 docet.

80 3510 312 3581 'liemon-pm&
417 3514 775 3580 suisAecuus,iise.
915 3499 1184 3583 SilliiABCDlt's.

166 3588 301 3644 Walanii
312 3592 401 3643 altera
414 3592 423 3642 i
431 3598 529 3660 postea
539 3592 600 3645 aad·
613 3610 650 3645 m.
664 3591 812 3656 adiectos,
827 3587 929 3640 Velanii
942 3583 1092 3639 chelonii
1106 3580 1186 3632 dubie

75 3664 126 3731 Aa,
143 3664 259 3721 Vellanii
271 3670 297 3720 B
303 3668 387 3721 (ΖΒΕ
390 3707 400 3734 ,
414 3668 521 3723 Vellani
533 3671 564 3722 b:
581 3676 666 3736 etque
684 3671 729 3721 ba'e
742 3684 801 3719 eum
814 3664 981 3733 edesedd.
994 3662 1056 3713 etsi
1070 3674 1133 3727 quos
1147 3657 1186 3707 ie·

76 3744 188 3812 helpen
200 3755 356 3815 potnerunt.
498 3750 530 3801 to
542 3750 737 3816 reciperaturos
750 3750 775 3800 A
782 3748 827 3801 Be
834 3785 844 3812 ,
857 3762 949 3797 omnes
962 3758 1022 3794 eum
1035 3758 1052 3791 u
1064 3753 1146 3805 super
1158 3738 1185 3801 i,

73 3818 431 3892 dinumerandum
539 3827 723 3880 lldeom.b.
822 3823 853 3877 tt
866 3818 1186 3886 caulemque-laturos

72 3902 149 3969 Ἰ-Ι.
238 3904 496 3973 lbaceeperlntsf.
585 3905 784 3970 lbrnalintes.
884 3903 916 3955 ts
929 3898 1099 3962 Publint,
1112 3894 1143 3946 P.
1156 3909 1185 3944 e.

168 3980 201 4035 lb
214 3982 334 4049 recipere
347 3982 397 4045 (B)
407 3982 461 4034 CD
470 3981 516 4048 (Ε)
524 4019 533 4046 ,
547 3998 602 4035 om·
616 3984 642 4036 A
647 4003 657 4043 ,-
669 3996 825 4050 recuperare
840 3980 938 4046 bdes.
1067 3972 1119 4025 sibi
1131 3986 1184 4022 em.

70 4048 137 4119 tls·
243 4056 606 4127 maculantem.
727 4048 1188 4123 arrogareseunmaeoset

67 4146 114 4183 Μ·
127 4148 165 4185 ¹¹·
177 4134 204 4187 Β
211 4172 221 4199 2
234 4134 340 4205 laisaris
355 4138 403 4189 be.
508 4139 593 4192 lnbnit
605 4138 737 4191 (leeaoem
751 4138 840 4206 beas
848 4132 1033 4187 ‘Peristemea'
1047 4121 1185 4183 scenam.

65 4210 107 4261 red
118 4226 172 4263 aea
185 4212 220 4263 B.
318 4214 355 4271 22
366 4212 482 4268 institnit
495 4216 542 4282 bs.
631 4228 782 4281 comparare
794 4227 918 4280 cupreae.
934 4211 942 4260 i
957 4210 989 4262 C.
