2646 5124
519 570 821 639 ...εἳ-.-

107 748 322 815 incendissent.
361 741 406 810 lbi
429 744 498 829 §.is
520 744 594 809 baec
621 744 652 807 iu
671 744 759 809 codd.
776 743 939 828 legonaum
964 740 1108 811 ‘Paulum
1122 744 1226 831 quita·

105 851 279 919 intermissa
293 850 410 913 bamma
424 858 457 911 et
470 849 597 930 quodam
612 848 679 913 loco
695 846 772 913 turri
786 846 894 911 adactu
908 856 941 911 et
954 846 1154 933 contingente
1173 850 1228 919 nal·

108 956 168 1021 lum
185 953 295 1019 tertiae
310 950 445 1016 cohortis
460 953 654 1015 centuriones
670 972 711 1015 es
726 972 775 1027 eo,
793 971 852 1033 quo
867 950 1001 1030 sutona,
1018 950 1091 1015 locu
1104 972 1230 1023 moure

105 1072 174 1121 ruut
193 1075 324 1139 suosque
349 1075 454 1119 ornares
475 1064 688 1130 marcuerunt,
718 1063 792 1117 nutu
807 1052 991 1137 uocibnsque
1007 1052 1135 1131 bootes,
1150 1054 1230 1121 eiiu-

106 1160 201 1223 troire
224 1157 356 1236 uellent,
378 1178 488 1223 uocare
509 1167 687 1241 coeperunt.
729 1152 867 1238 Quorum
896 1154 1037 1241 progredi
1068 1176 1163 1223 auam
1189 1166 1234 1227 ett

106 1284 206 1327 nemo.
240 1258 320 1323 Tum
341 1281 382 1325 ex
397 1260 479 1323 omni
494 1269 579 1343 parte
593 1258 740 1344 lapidibus
753 1258 899 1325 coniectis
913 1256 1066 1323 deturbati
1085 1244 1230 1345 tuniadtt

105 1384 252 1429 succensa
273 1363 342 1427 est'.
381 1360 443 1427 Sed
466 1360 623 1425 Romanos
644 1362 839 1427 succendisse
853 1360 961 1427 turrim
976 1359 1110 1427 bostium
1124 1382 1230 1447 nequa·

105 1488 195 1550 quam
209 1464 291 1531 credi
307 1474 416 1549 potest.
440 1462 522 1529 Nam
537 1486 605 1529 cum
621 1464 703 1529 uenti
718 1464 843 1529 maximi
857 1464 1082 1550 opportunitate
1094 1464 1145 1531 nai
1155 1462 1230 1533 Gall

103 1580 168 1635 tote
184 1568 307 1632 hiberna
322 1566 537 1644 incendissent,
555 1566 643 1644 turri,
659 1586 736 1651 quoe
751 1566 862 1633 uallum
877 1566 1088 1651 contingebat,
1110 1568 1231 1639 ineean

103 1680 242 1755 apertum
258 1678 307 1733 est
320 1668 402 1751 ipsos
417 1666 571 1733 Romanoa
589 1668 758 1733 incendium
774 1668 892 1754 paulum
912 1668 1123 1735 intermissum
1134 1668 1230 1739 milia·

101 1782 274 1857 tegraturos
287 1781 376 1853 atque
391 1780 534 1835 aucturos
549 1771 657 1850 luisse,
675 1792 743 1835 eum
758 1772 906 1836 dammam
920 1792 964 1837 ex
976 1772 1056 1837 turri
1071 1783 1105 1838 et
1114 1772 1229 1859 propin·

105 1874 221 1957 quitate
236 1873 295 1937 loci
310 1883 342 1939 et
358 1873 440 1937 uenti
455 1874 660 1958 magnitudine
679 1874 713 1939 iu
728 1885 830 1939 castra
850 1874 979 1959 perferri
995 1894 1124 1941 neeesse
1139 1882 1226 1941 mel.

102 1972 217 2060 Scripsi
239 1975 333 2060 igitur
356 1975 521 2058 ‘turrisque
536 1976 653 2041 succisa
669 1976 738 2040 est'.
775 1974 898 2041 Etenim
913 1976 1064 2061 lapidibus
1086 1976 1228 2043 eonieetia

102 2088 134 2141 et
147 2076 283 2143 homiues
297 2076 544 2156 deturbabonlur‚
560 2078 671 2163 etipsa
686 2078 779 2145 turris
798 2078 1019 2145 succidebatur.
1049 2078 1136 2145 Idem
1150 2100 1228 2147 n·

102 2181 171 2245 dum
185 2190 269 2245 reete
282 2180 343 2244 inm
358 2180 507 2245 sublatum
524 2190 571 2245 est
587 2178 643 2256 lv,
663 2178 714 2258 19,
733 2180 764 2258 l,
782 2180 833 2246 ubi
847 2182 879 2246 in
894 2182 1015 2265 optimis
1026 2170 1227 2268 pluri-inqut

101 2280 187 2346 codd.
213 2282 324 2366 legitur
348 2284 497 2349 ‘omnibus
517 2283 593 2350 uicis
620 2283 823 2368 aedificiisque
852 2282 985 2349 incensis
1014 2284 1227 2369 linamentisque

101 2386 279 2451 sueccnsns’.

191 2484 338 2565 C.49,1
363 2488 508 2553 edebatur
531 2485 625 2553 ‘Galli
645 2509 679 2553 rc
701 2489 823 2574 eognnitn
844 2510 898 2573 per
920 2489 1131 2575 exploratores
1151 2487 1227 2555 obsi·

101 2590 218 2655 dionem
236 2591 420 2673 relinquunt,
437 2591 475 2653 nd
490 2585 654 2655 Caesarem
671 2593 808 2655 omuibus
825 2592 918 2676 copiis
934 2592 1132 2657 contendunt.
1163 2589 1226 2657 Eae

102 2703 189 2757 eraut
216 2703 397 2759 armatorum
422 2692 545 2757 circitor
573 2695 654 2757 milia
683 2695 865 2779 sexaginta.
911 2692 1025 2761 Verum
1055 2695 1088 2757 iu
1111 2694 1226 2778 optinuit

99 2795 257 2876 utriusque
286 2795 414 2859 familiae
442 2795 542 2871 codd,
574 2796 646 2858 item
677 2797 876 2862 deterioribus
913 2797 1091 2881 quibusdam
1120 2797 1228 2883 legitur

103 2896 269 2961 ‘armame’.
307 2896 408 2978 Atque
430 2897 459 2961 id
479 2898 595 2981 quidem
618 2898 714 2983 ipsum
737 2901 809 2964 lerri
836 2922 897 2965 nou
912 2911 1012 2984 potest
1026 2899 1227 2985 (signiticaret

99 2998 178 3061 enim
194 2996 276 3061 milia
290 2995 354 3063 LX
368 3000 520 3085 copiarum
536 2998 642 3065 Gallos
659 3001 818 3080 babuisse,
843 3003 919 3085 quod
935 3002 1068 3086 ineptum
1084 3010 1160 3087 est),
1176 3002 1228 3067 aed

97 3099 287 3165 scribendum
303 3102 447 3167 erat‘bae
462 3114 550 3167 erant
565 3113 679 3169 armata
695 3104 817 3169 circiter
831 3104 911 3169 milia
927 3106 1109 3189 sexaginta’,
1127 3126 1228 3188 quem·

100 3203 258 3267 admodum
274 3199 391 3271 Caesar
405 3206 484 3270 dixit
498 3207 563 3270 hor.
583 3228 690 3270 nouam.
714 3203 844 3283 11,t‚.'›
876 3208 944 3272 ‘bos
967 3228 1055 3293 posse
1078 3209 1228 3275 conlisere

97 3318 212 3373 anneta
229 3308 311 3373 milio
326 3310 455 3375 eentum'
471 3320 503 3375 et
518 3310 590 3375 ibid.
608 3313 637 3391 ξ.
656 3307 676 3373 8
695 3308 840 3395 ‘polliceri
855 3310 936 3374 milia
952 3320 1065 3375 armata
1081 3311 1228 3394 quinqua·

97 3410 205 3494 ginta,
230 3433 269 3477 ne
291 3412 375 3498 plura
396 3412 555 3477 ascribam.
598 3409 686 3476 ‘llas'
709 3422 808 3476 autem
825 3424 856 3477 et
873 3414 970 3477 ‘baec'
993 3410 1227 3499 Oudendorpius

96 3510 155 3592 legi
178 3513 221 3573 nit
240 3513 273 3574 iu
295 3516 381 3577 codd.
407 3514 600 3597 quibusdam:
632 3515 724 3592 illud,
749 3516 827 3601 quod
852 3517 953 3599 posui,
979 3516 1070 3579 estin
1086 3512 1161 3579 Par.
1179 3536 1225 3601 pr.

97 3607 191 3673 Voss.
216 3632 262 3693 pr.
287 3612 377 3698 Egm.
403 3613 504 3679 llauu.
529 3636 589 3696 pr.‚
616 3616 712 3681 ‘baec’
736 3617 767 3681 iu
783 3614 883 3703 Boug.
901 3639 946 3702 pr.
979 3613 1041 3681 Sed
1062 3618 1101 3681 ad
1118 3615 1225 3683 ‘milia'

97 3712 281 3795 pronominis
304 3716 400 3778 forma
423 3718 639 3781 accommodari
662 3739 722 3781 nou
745 3730 863 3801 potest,
893 3743 960 3787 cunr
989 3741 1050 3785 nou
1070 3722 1227 3788 indefinite

95 3824 224 3896 ponatur
247 3815 339 3896 (quod
355 3836 420 3879 oum
436 3817 481 3896 snt,
506 3841 561 3883 nos
576 3830 713 3885 neutrum
730 3822 885 3904 ponimus,
908 3821 1011 3887 Latini
1033 3822 1227 3889 attractionis

94 3918 190 3999 ligura
206 3927 358 3999 utuntur),
383 3918 437 3983 sed
459 3923 497 3985 ad
519 3935 632 3988 certum
654 3923 830 3988 uocabulum
852 3926 881 3988 iu
898 3924 1104 4010 superioribus
1122 3926 1225 3991 uerbis

95 4019 222 4101 positum
233 4021 392 4104 pertineat.
410 4020 494 4087 llaec
510 4027 589 4089 enim
605 4029 755 4091 sententia
771 4027 955 4110 requiriturz
974 4028 1030 4092 boe
1038 4027 1144 4111 copiae
1151 4049 1225 4093 eon·

93 4119 214 4185 subant
237 4125 362 4189 armatis
384 4126 504 4191 milibus
525 4126 599 4193 Lx.
636 4127 695 4193 llic
718 4131 807 4193 etiam
829 4130 901 4193 illud
923 4131 1056 4208 accedit,
1083 4132 1174 4214 quod,
1197 4132 1226 4197 si

95 4221 192 4285 ‘baec’
215 4225 359 4310 scriptum
381 4228 505 4307 luisset,
529 4233 607 4296 unde
626 4231 781 4297 ‘armatae'
796 4242 895 4296 ortum
911 4243 1004 4311 esset,
1029 4254 1090 4297 uon
1106 4234 1225 4299 intelle·

92 4334 224 4407 geretur.

179 4424 216 4491 C.
236 4428 290 4507 58,
307 4431 328 4494 4
343 4432 506 4495 seeundum
522 4434 607 4498 codd.
626 4434 667 4499 ita
682 4436 872 4500 scribendum
888 4450 953 4502 cst:
974 4435 1095 4503 ‘Subito
1109 4435 1225 4503 Labie·

91 4548 148 4593 nus
164 4528 279 4595 duabus
294 4535 387 4616 portis
404 4557 523 4601 omnem
538 4538 703 4619 equitatum
719 4540 840 4617 emittit,
865 4541 1113 4625 praecipitatque
1129 4540 1225 4603 inter·

90 4630 173 4713 dicit,
196 4636 367 4718 proterritis
383 4637 518 4703 hostibus
533 4650 623 4722 atque
637 4638 668 4702 in
682 4641 782 4725 lugam
798 4644 942 4709 coniectis
958 4644 1052 4726 (quod
1067 4644 1145 4723 lore,
1162 4642 1225 4709 sic·
