2646 5124
503 588 824 658 -237—

85 764 228 832 omnibus
250 761 438 828 calamitates
462 765 639 845 perferrent.
666 762 841 848 Sequuntur
855 767 947 830 haec:
975 764 1051 848 ‘Qui
1069 768 1221 850 legionum

86 882 132 935 tot
146 872 280 954 impetus
294 877 522 943 sustentantes,
548 869 702 931 nocturnis
718 869 893 950 diurnisque
910 871 1091 953 temporibus
1107 872 1221 953 gladio·

87 996 151 1037 rum
167 974 248 1036 ictus
265 973 452 1052 telorumque
469 969 578 1031 missus
594 981 804 1053 expectantes
822 972 920 1034 relicti
937 983 967 1034 et
983 972 1220 1037 desertiaPom-

88 1078 165 1161 peio,
183 1086 236 1139 tua
252 1076 368 1138 uirtute
383 1072 514 1156 superati
530 1072 655 1135 salutem
672 1096 688 1135 a
706 1083 756 1134 tura
774 1073 932 1136 clementia
946 1075 1151 1156 deposcimus,
1170 1097 1220 1159 pe·

86 1180 192 1255 tinus,
221 1188 254 1241 ut
278 1179 398 1259 qualem
418 1221 513 1238 .....
531 1174 670 1257 gentibus
686 1195 733 1237 me
749 1177 903 1258 praestiti,
922 1176 1046 1238 similem
1064 1179 1094 1240 in
1110 1179 1219 1241 ciuium

87 1281 238 1345 deditione
254 1278 439 1364 praestabo'.
466 1276 645 1341 ‘Nocturnis
662 1279 834 1360 diurnisque
845 1279 1036 1361 temporibus'
1053 1280 1158 1362 scripsi
1167 1302 1219 1362 pro

89 1383 265 1467 ‘operibus',
284 1404 361 1465 quae
378 1393 410 1445 ut
425 1381 548 1444 tolerari
564 1390 699 1464 possent,
718 1380 792 1443 lraec
808 1380 898 1443 uerbu
915 1381 1121 1463 superioribus
1135 1390 1221 1445 erant

86 1485 293 1567 adiungenda:
312 1484 454 1569 operibns
470 1484 548 1546 eninr
565 1483 721 1566 experturi
739 1484 811 1544 nilril
828 1493 938 1566 potest.
964 1481 1077 1546 Verum
1094 1505 1221 1566 sequen·
1246 1531 1249 1537 -

88 1588 128 1650 tia
141 1586 374 1671 ueineptasint,
392 1586 513 1670 adiungi
523 1583 645 1667 aliquid,
663 1596 906 1667 quoaugeuntur‚
927 1606 1053 1648 neeesse
1068 1597 1132 1649 estz
1152 1608 1219 1650 nam

90 1690 253 1773 gladiorum
271 1690 350 1751 ictus
366 1699 398 1751 et
413 1689 538 1751 telorum
554 1689 664 1750 missus
686 1688 716 1750 in
743 1687 821 1750 bello
844 1688 909 1768 quis
933 1688 1019 1750 miles
1043 1709 1104 1750 uon
1127 1710 1220 1773 expe·

91 1793 173 1855 ctat?
209 1788 325 1854 Deinde
349 1791 464 1854 ‘relicti
488 1802 519 1853 et
533 1790 643 1854 deserti
661 1811 676 1852 a
694 1787 852 1873 Pompeio'
876 1791 1003 1874 ponendi
1021 1802 1126 1856 eruut:
1153 1813 1219 1855 com

89 1895 166 1957 enim
185 1894 269 1958 ‘uicti
286 1904 318 1957 et
333 1891 457 1956 deserti'
473 1890 623 1966 dicuntur,
649 1901 681 1953 ut
704 1891 817 1970 editur,
836 1912 979 1978 peruerse
995 1893 1136 1978 deinceps
1155 1901 1219 1957 ‘tua

88 1998 200 2060 uirtute
215 1996 360 2079 superati'
377 1996 557 2068 inferuntur,
580 2006 726 2078 tamquam
743 1995 932 2058 interdictos
948 1991 1137 2059 ctCacsaris
1157 1996 1219 2058 uir·

90 2109 151 2163 tote
167 2108 330 2183 superatos
345 2095 448 2160 nescio
465 2098 541 2179 qnod
565 2098 726 2160 discrimen
748 2098 958 2161 intercederet.
991 2094 1134 2161 Ceterum
1160 2097 1219 2161 nisi

88 2203 241 2266 lubricum
265 2211 346 2263 esset
363 2200 395 2263 in
418 2199 485 2262 loeo
506 2221 611 2263 mauce
634 2200 743 2282 aliquid
765 2201 801 2262 de
823 2202 916 2262 lorum
939 2202 1083 2263 cretionis
1107 2202 1219 2263 eonsti-

92 2313 203 2381 tucre,
227 2314 427 2386 praeoptarem
446 2304 682 2365 ‘sustentamus'
699 2313 729 2363 et
746 2301 987 2384 ‘expectamus',
1005 2312 1037 2363 ut
1053 2303 1219 2365 enuntiatio

92 2405 238 2490 primaria
261 2426 279 2467 a
301 2405 394 2469 uerbis
419 2406 536 2468 ‘relicti
558 2416 590 2468 et
604 2405 734 2469 deserti’
757 2404 917 2486 inciperet.
955 2400 1015 2465 Sed
1031 2403 1113 2465 inter
1127 2402 1220 2465 uerba

92 2506 237 2591 ‘qualem'
252 2518 283 2571 et
296 2508 455 2591 ‘gentibus'
465 2508 512 2572 uel
528 2519 595 2592 pest
610 2507 665 2571 hoc
682 2508 859 2571 uocabulum
872 2507 959 2569 finem
969 2504 1116 2593 orationis
1125 2502 1220 2567 Tullii

89 2621 118 2675 et
130 2611 253 2674 initium
267 2612 404 2696 responsi
421 2607 563 2674 Caesaris
580 2611 694 2696 perisse
709 2608 900 2672 manifestum
917 2618 974 2670 est.
1000 2604 1044 2670 Vt
1060 2607 1109 2669 illa
1125 2606 1220 2669 uerba

90 2713 179 2790 edidi,
196 2715 229 2776 iu
244 2711 316 2776 l‘ar.
334 2734 396 2776 sec.
413 2715 567 2797 leguntur,
588 2734 695 2795 neque,
714 2713 786 2795 quin
803 2711 909 2793 reliqui
927 2710 996 2774 burri
1013 2710 1217 2787 consentiant,

92 2815 213 2893 dubito,
236 2817 295 2879 etsi
318 2816 355 2878 tle
378 2817 528 2879 codicibus
553 2817 748 2899 neglegenter
770 2815 898 2878 relatum
914 2823 971 2877 est.
1010 2812 1133 2877 Etenim
1149 2820 1218 2880 aule

90 2914 246 2981 llauisium
264 2917 338 2980 lmee
354 2919 397 2980 sic
413 2919 594 2981 edebantur:
615 2919 824 3001 ‘petimusque
845 2928 888 2993 ut,
907 2916 1021 3000 qualem
1038 2927 1068 2979 te
1080 2918 1217 3000 gentibus

89 3021 277 3104 praestitisti,
296 3020 422 3082 similem
439 3020 470 3081 iu
486 3021 592 3083 ciuium
610 3022 759 3083 deditione
776 3021 933 3104 praestes’,
952 3031 1042 3102 atque
1057 3021 1098 3082 ita
1114 3021 1218 3085 insuis

89 3124 173 3187 codd.
191 3120 425 3205 Oudendorpius
441 3122 500 3205 legi
515 3126 624 3201 relcrt,
649 3125 698 3186 cui
720 3124 756 3186 de
773 3121 860 3186 Leid.
879 3145 923 3207 pr.
943 3144 1003 3185 non
1027 3123 1137 3196 credo,
1163 3124 1220 3186 etsi

88 3246 141 3308 pro
154 3224 210 3288 illo
227 3225 403 3308 ‘praestes'
420 3245 486 3289 eum
505 3224 688 3309 ‘praestari'
705 3225 849 3288 exlribere
866 3226 926 3302 ait,
953 3225 1031 3307 quod
1048 3226 1119 3288 milri
1135 3227 1165 3288 in
1182 3247 1219 3289 eo

88 3328 192 3391 codice
207 3347 265 3411 pro
279 3323 409 3389 Parisini
422 3328 545 3391 secundi
563 3326 758 3411 ‘praestabo’
782 3327 923 3409 scriptum
944 3346 1012 3389 esse
1028 3338 1140 3391 certum
1158 3338 1218 3392 est.

89 3424 148 3494 Sed
163 3429 227 3493 illis
243 3427 344 3492 uerbis
362 3427 503 3494 Dauisius
520 3451 559 3493 ex
581 3431 683 3493 codice
698 3427 844 3492 Tlruaueo
860 3426 991 3492 Goduini
1008 3429 1081 3492 hacc
1097 3429 1220 3506 adiecit,

87 3552 167 3613 quae
182 3530 216 3594 in
230 3528 329 3614 llegio
344 3553 461 3615 quoque
477 3529 617 3597 Clarkius
632 3554 666 3596 se
682 3532 836 3596 inuenisse
850 3531 912 3595 ait:
940 3529 994 3594 ‘Et
1010 3532 1145 3614 qualem,
1164 3531 1218 3606 ait,

88 3632 232 3717 gentilos
247 3652 295 3696 me
310 3633 459 3716 praestiti,
477 3634 602 3697 similem
620 3634 649 3698 in
667 3635 776 3698 ciuium
792 3633 943 3697 deditione
955 3633 1137 3715 praestabo'.
1161 3630 1224 3694 Ni-

89 3736 195 3799 mirum
220 3755 319 3817 ncquc
334 3736 365 3798 in
382 3736 484 3799 codiee
500 3736 647 3801 Thoaneo
670 3757 765 3819 neque
786 3736 817 3799 iu
838 3734 936 3817 Regio
961 3735 1034 3796 llaec
1058 3732 1148 3796 uerba
1170 3753 1220 3794 su·

89 3837 261 3921 petendus
277 3836 365 3911 addi,
391 3838 441 3901 sed
464 3860 516 3921 pro
532 3840 592 3902 illis
608 3838 697 3923 poni,
716 3840 813 3902 codex
829 3838 974 3921 pessimus
989 3832 1149 3897 Parisinus
1166 3850 1220 3894 nu·

90 3960 170 4004 nero
194 3935 284 4002 5768
306 3959 388 4002 saec.
405 3937 485 4004 XIV
500 3942 705 4017 demonstrat,
730 3942 779 4022 qui
802 3940 872 4021 quin
896 3939 959 4020 ipse
981 3938 1032 4001 ille
1055 3935 1226 3999 Thoaneus

91 4040 224 4107 llotlnini
240 4041 294 4116 sit,
312 4040 429 4104 dubium
445 4054 579 4105 nonest.
602 4039 638 4105 ln
655 4063 690 4105 eo
706 4041 916 4104 enimhaecita
930 4039 1041 4123 scripta
1052 4048 1141 4100 sunt:
1161 4043 1222 4098 ‘so-

93 4140 180 4206 lutem
202 4162 222 4205 a
242 4153 295 4204 tua
316 4141 474 4206 clementia
495 4144 683 4229 deposcimus
706 4144 902 4227 petimusque.
940 4138 981 4202 Er
1006 4140 1141 4220 qualem,
1165 4134 1221 4213 ait,

95 4264 136 4309 ne
151 4243 297 4328 gentibus
313 4247 468 4327 praestiti,
493 4249 620 4311 similem
635 4247 666 4308 in
683 4246 791 4308 ciuium
808 4244 959 4307 deditione
975 4260 1022 4302 rue
1039 4235 1220 4322 praestabo'.

98 4341 195 4429 ltaque
210 4366 289 4429 quac
303 4347 373 4410 indo
389 4368 408 4409 a
422 4346 547 4413 Dauisio
564 4350 702 4413 hocloco
718 4348 796 4411 editu
811 4354 894 4422 sunt,
917 4344 1025 4407 nullius
1042 4341 1155 4404 codicis
1172 4359 1224 4400 au·

103 4449 237 4511 ctoritate
252 4447 409 4528 nituntur,
434 4453 487 4515 scd
503 4452 618 4516 duobus
634 4450 761 4513 diuersis
779 4444 954 4511 emendandi
979 4442 1137 4506 conatibus
1153 4458 1225 4500 cou-

107 4546 252 4628 glotinatis
267 4551 469 4616 ellectasunt.
504 4552 542 4617 ln
563 4554 667 4637 quibus
690 4572 728 4614 ne
743 4551 773 4613 id
788 4548 1023 4633 reprehendam,
1049 4540 1125 4623 quod
1151 4549 1225 4599 tam-

111 4668 185 4728 marn
214 4653 315 4718 iulans
344 4665 376 4719 et
404 4655 534 4739 elinguis
558 4653 675 4721 Caesar
704 4664 841 4717 extrema
870 4661 985 4713 tautum
1008 4641 1102 4706 Tullii
1132 4637 1226 4701 uerlm
