2646 5124
418 544 741 611 ...up-

51 727 255 785 enmnentnm
270 712 392 779 Didium
406 715 549 781 interisse
563 719 721 800 sequentia
735 718 855 781 docent.
890 717 996 805 ltaque
1011 726 1147 793 declara.

51 832 97 889 ιιι
110 821 248 905 scriptor
260 815 383 883 Didium
397 839 490 903 prope
505 820 662 885 cotidianis
682 821 790 905 pugnis
811 842 878 885 cum
893 820 1053 891 Lusitanis
1074 850 1145 893 con-

51 924 147 1001 muse,
172 922 231 987 ltos
253 940 328 987 nero
348 920 465 1004 aliquot
479 924 586 1008 pugnis
600 924 688 987 isctis
704 925 957 992 circumueniendi
972 927 1055 993 Didii
1071 953 1144 994 con-

51 1028 108 1093 ln
129 1025 253 1111 cepisse
273 1036 305 1088 et
325 1024 453 1089 insidias
472 1026 630 1109 posuisse,
654 1025 696 1089 ita
718 1037 752 1089 ιιι
774 1028 925 1111 tripertito
940 1030 1026 1114 signa
1042 1030 1142 1095 distri-

51 1139 148 1197 mt.
182 1124 385 1210 Sequentilrns
400 1126 494 1211 igitur
508 1126 621 1205 uerbis,
638 1130 883 1211 quemadmodum
900 1141 963 1195 tres
978 1129 1142 1197 Lusitano-

50 1254 73 1299 n
85 1242 196 1317 partes
216 1228 382 1315 dispositas
398 1229 522 1307 inerint,
546 1230 674 1313 quidque
688 1232 850 1314 unicuique
871 1233 947 1315 parti
972 1234 1141 1297 mundatum

51 1382 58 1415 ,
79 1332 238 1400 declarari
253 1352 381 1397 neeesse
396 1340 454 1397 est.
492 1328 606 1395 Eorum
629 1332 791 1397 nerinorum
807 1345 959 1417 postrema
974 1334 1143 1399 obscuratis

51 1438 143 1503 lium
159 1436 283 1501 indiciis
297 1435 342 1499 sic
358 1435 541 1499 edebantur:
562 1434 605 1497 ‘hi
622 1434 667 1498 sic
682 1436 817 1518 dispositi
833 1445 940 1515 erant,
964 1447 998 1500 nt
1020 1459 1037 1500 a
1061 1436 1142 1501 nnllo

51 1540 163 1625 rspeeti
178 1538 314 1603 omnium
328 1538 367 1601 ad
382 1558 509 1623 pugnam
527 1537 773 1615 contenderent’,
797 1561 855 1621 qno
878 1540 959 1603 lacto
982 1560 1043 1602 non
1066 1549 1140 1613 tres,
1211 1529 1214 1535 ’

51 1640 63 1705 l
76 1640 154 1705 dm
166 1650 286 1707 tantum
302 1651 404 1723 partes
423 1639 686 1705 demonstrantur:
710 1641 845 1705 codicum
860 1640 1029 1724 scriptura,
1054 1662 1141 1723 qnam

51 1762 102 1827 prs
115 1742 212 1827 pruni,
229 1742 286 1807 etsi
302 1742 451 1825 integram
467 1741 635 1807 orationem
651 1764 711 1807 non
727 1754 876 1828 praestat,
901 1753 1001 1806 mmen
1022 1752 1138 1825 operte,

51 1844 153 1909 nlnen
174 1845 320 1929 medem
343 1843 530 1920 exciderint,
553 1845 695 1910 ostendit.
729 1843 849 1909 Etenim
871 1867 946 1927 qnae
960 1845 1137 1910 insidiarum

51 1946 85 2011 in
99 1947 210 2017 tuerit,
227 1946 402 2009 narratione
415 1946 460 2009 rei
475 1957 599 2031 gestae,
622 1967 699 2025 qnae
718 1946 770 2011 illa
785 1949 878 2011 ncrbu
894 1949 1026 2031 excipit,
1049 1950 1138 2012 doce-

51 2068 84 2111 r.
123 2042 193 2109 ‘ltu
211 2065 279 2109 cnm
301 2062 343 2105 ex
363 2041 489 2105 castello
503 2038 612 2105 Didius
634 2042 671 2104 ad
694 2043 916 2125 propellendum
937 2049 1139 2130 processisset

51 2172 71 2215 n
87 2147 202 2231 copiis,
217 2146 333 2231 signnm
347 2164 366 2207 a
379 2140 538 2207 Lusitanis
553 2143 679 2223 tollitur,
696 2166 791 2209 naues
806 2146 1017 2228 incenduntur,
1033 2150 1137 2213 simul-

51 2272 81 2329 e,
97 2250 153 2333 qni
165 2248 336 2313 exeastcllo
348 2247 386 2311 ad
402 2267 528 2332 pugnam
545 2258 770 2331 processerant,
788 2251 891 2313 eodem
903 2248 1003 2330 signo,
1021 2252 1136 2333 tugien-

51 2354 213 2419 ¹‚latrones
227 2352 291 2416 dnm
309 2361 540 2436 persequuntur,
563 2371 580 2413 a
605 2360 691 2431 tergo
713 2351 842 2414 insidiae
865 2349 997 2415 clamore
1018 2351 1137 2415 sublato

51 2454 280 2521 conueniunt'.
315 2452 395 2532 llic,
420 2453 498 2535 quod
520 2454 558 2517 ad
580 2453 804 2538 propellendum
820 2452 929 2517 Didius
951 2452 1136 2535 processisse

51 2560 130 2635 itur,
148 2558 325 2623 documento
339 2566 387 2621 est
401 2576 491 2620 nnam
500 2553 714 2621 Lusitanorum
733 2567 846 2640 partem
862 2556 898 2619 ad
915 2556 1070 2620 castellnm
1086 2576 1137 2619 ac·

51 2660 141 2727 nisse
154 2670 188 2724 et
199 2656 322 2723 Didium
338 2658 491 2737 elicuisse,
509 2658 617 2723 deinde
632 2659 771 2723 simulata
788 2660 858 2745 iuga
873 2659 1064 2742 produxisse.
1080 2658 1136 2721 At-

51 2784 76 2829 ι
88 2762 175 2849 signu
189 2762 260 2827 toto
275 2782 370 2827 naues
383 2762 531 2841 incendit,
549 2762 639 2829 tertia
654 2763 758 2826 eodem
774 2762 862 2845 signo
873 2758 994 2825 Didium
1010 2761 1134 2845 primam

51 2876 119 2931 rtem
139 2876 369 2951 persequentem
391 2887 409 2928 a
431 2876 518 2949 tergo
539 2864 745 2929 circumuenit.
784 2862 901 2927 Harum
925 2864 1052 2949 partium
1074 2886 1134 2930 una

51 2970 193 3035 nifiestm·
207 2967 411 3051 superioribus
426 2968 547 3031 uerbis:
577 2978 677 3032 ‘erunt
691 2968 800 3051 parati,
819 2968 869 3050 qui
884 2988 977 3035 naues
992 2969 1134 3034 incende-

51 3072 95 3135 tt’.
115 3068 275 3135 Proximis
289 3068 391 3133 uerbis
409 3068 611 3153 ‘incensisque
626 3070 676 3152 qni
691 3069 854 3134 subsidium
869 3072 1052 3154 repeterent’
1068 3092 1134 3135 eam

51 3172 154 3237 tdneri
168 3192 297 3237 neeesse
312 3180 379 3250 est,
403 3193 480 3254 qnae
494 3169 617 3235 Didium
633 3193 651 3234 a
666 3181 752 3253 tergo
768 3172 977 3237 circumuenit.
1014 3169 1077 3235 Sed
1098 3192 1136 3235 ea

51 3274 98 3339 rltu
111 3274 191 3338 sdeo
206 3284 347 3359 corrupta
362 3284 451 3352 sunt,
474 3284 589 3338 utnon
611 3274 770 3337 uideantur
791 3274 910 3336 restitui
933 3293 1041 3357 posse:
1064 3292 1135 3335 nam

51 3374 182 3461 mdnrpii
197 3374 369 3440 coniectura
394 3376 610 3461 ‘repellerent'
627 3376 702 3439 nihil
717 3375 899 3459 proficimus.
944 3372 1074 3455 Reliqua
1089 3372 1134 3437 sic

51 3478 273 3563 rtsnpplendaz
302 3478 343 3541 ‘lui
359 3478 405 3542 sic
420 3478 556 3562 dispositi
574 3487 680 3555 erant,
705 3488 739 3543 ut
759 3500 777 3539 a
799 3476 882 3541 nullo
904 3476 1046 3559 conspici
1058 3494 1135 3559 pas-

51 3578 87 3645 u’
101 3590 145 3659 et,
160 3600 237 3665 qnae
250 3581 288 3645 de
303 3600 340 3644 es
355 3591 452 3665 parte,
470 3601 546 3663 qnae
561 3579 681 3644 Didium
699 3602 739 3643 ex
754 3580 879 3643 castello
896 3578 1036 3656 eliceret,
1054 3577 1134 3643 dicta

51 3694 102 3763 nt,
121 3682 259 3771 ‘reliqui
270 3687 304 3748 in
319 3692 481 3767 conspectu
496 3684 626 3747 omnium
642 3684 678 3746 ad
695 3702 824 3766 pugnam
840 3681 1045 3746 contendunt'.

86 3782 126 3851 G.
142 3784 200 3864 41,
216 3785 290 3850 tte
305 3783 446 3851 Vrsaone
469 3786 543 3850 haec
564 3786 596 3848 in
610 3783 684 3850 Par.
711 3804 775 3848 sec.
799 3792 830 3845 et
843 3781 933 3846 Leid.
958 3804 1004 3867 pr.
1021 3782 1133 3867 scripte

51 3896 93 3951 ιιι
118 3887 219 3971 ‘qnod
233 3888 371 3972 oppidum
387 3908 494 3973 mugna
510 3887 675 3953 munitione
690 3885 921 3964 continebatur,
946 3885 991 3949 sie
1013 3894 1044 3947 nt
1064 3885 1131 3967 ipse

51 4006 88 4053 ιι
100 4010 162 4055 son
177 3988 277 4053 solnm
291 4011 401 4074 opere,
427 3992 481 4054 sed
505 3992 595 4055 etiam
611 4000 720 4053 natura
735 3988 833 4054 aditus
848 3988 885 4051 ad
900 3986 1132 4071 oppugnandum

51 4100 119 4155 dem
132 4093 317 4175 uppetcrct’.
347 4090 459 4156 Editur
478 4093 569 4177 uulgo
595 4100 724 4155 ‘natura
745 4091 859 4154 editus’
882 4100 913 4151 et
927 4108 969 4151 ex
983 4084 1133 4169 scaligeri

51 4190 177 4257 metum
194 4190 403 4271 ιιδιιοιιοιιιϋ,
420 4196 497 4275 qnod
513 4194 641 4259 debebat
655 4212 724 4256 esse
749 4191 953 4265 ‘auerteret',
969 4198 1005 4251 ιιι
1018 4186 1133 4253 Godui·

51 4294 205 4359 unolelst.
240 4293 361 4359 ‘Aditus
376 4296 615 4380 oppugnationis’
631 4294 743 4377 legitur
758 4313 806 4376 ap.
821 4290 902 4355 llirt.
919 4290 950 4353 b.
963 4288 1058 4354 Alex.
1075 4289 1130 4365 35,

51 4394 196 4463 ‚uncto
211 4397 249 4460 ad
263 4397 513 4483 oppugnationem
527 4396 680 4463 accessus'
696 4396 727 4459 b.
744 4394 815 4458 Ain.
832 4391 864 4457 5.
905 4390 1013 4457 Vtrum
1030 4402 1131 4457 autem

51 4490 102 4561 dtu
112 4497 384 4583 adoppngnandum
400 4500 517 4565 bostem
533 4493 989 4586 aspelleret’nel‘nlsterreret',
1007 4513 1046 4555 an
1056 4490 1131 4552 ‘ndi-

51 4612 105 4657 t-
111 4599 248 4667 ltnttinun'
256 4603 474 4671 emendandum
489 4605 541 4682 sit,
558 4603 633 4673 nitit
648 4601 768 4667 definio.
786 4596 873 4680 Quae
880 4585 1133 4679 sequunturoptl·
