2646 5124
331 600 631 675 CObldMlCAP.
648 606 797 675 tlt-22.
1133 610 1195 681 103

67 778 93 843 li
114 796 210 843 earn
231 786 461 861 precesserant,
484 781 677 861 arcessendi,
700 781 782 845 acies
807 782 1001 862 instruenda,
1027 784 1138 849 milites

67 880 208 959 modi,
238 880 360 963 signum
387 881 527 945 dandum.
574 877 710 964 Quarum
740 904 840 948 rerum
863 906 999 968 magnam
1023 889 1174 970 partem2

67 984 155 1071 operis
169 982 306 1048 breuitas
321 994 351 1047 et
367 1004 527 1049 successus
542 985 671 1050 bostium
688 986 871 1072 inpediebat.
912 986 969 1052 llis
984 990 1138 1053 difficolta-
1153 989 1173 1053 3

67 1108 90 1153 u
105 1086 185 1151 dnae
200 1106 250 1151 res
266 1096 355 1150 erant
370 1086 523 1165 subsidio,
547 1088 674 1153 scientia
697 1101 786 1172 atque
802 1112 874 1153 usus
889 1091 1035 1165 militum,
1059 1093 1138 1178 quod

67 1188 221 1255 esioribus
244 1188 368 1272 proeliis
384 1191 562 1267 exercitati,
586 1192 657 1275 qoid
680 1192 744 1255 lieri
760 1202 933 1276 oporteret,
956 1214 1018 1256 oon
1039 1194 1137 1257 minus

67 1293 164 1357 tmcde
179 1291 238 1374 ipsi
253 1289 312 1355 sibi
327 1294 552 1376 praescribere,
570 1314 655 1377 quam
673 1294 709 1358 ab
726 1296 793 1358 aliis
810 1296 909 1359 doceri
927 1304 1086 1378 poterant,
1108 1306 1139 1359 et

67 1394 142 1461 dab
167 1414 261 1479 opere
275 1393 464 1478 singulisque
478 1396 647 1479 legionibus
662 1397 797 1481 singulos
813 1397 929 1482 legatos
945 1392 1064 1461 Caesar
1077 1396 1140 1460 dis-

67 1518 118 1563 ere
133 1496 194 1561 nisi
209 1496 336 1561 munitis
352 1497 460 1561 castris
481 1508 633 1563 uetuerat.
679 1496 720 1561 tti
742 1510 865 1583 propter
888 1499 1175 1584 propinquitatcmd
1220 1534 1222 1539 ·

67 1600 244 1665 demones
267 1598 399 1663 bostium
420 1601 494 1665 oibil
516 1602 576 1665 iam
592 1596 736 1665 Caesaris
751 1602 908 1686 imperium
924 1603 1138 1687 expectabant,

79 1720 135 1789 pm
147 1722 193 1779 se,
210 1721 288 1784 quae
303 1700 495 1783 uidebantur,
512 1703 772 1768 administrabant.
817 1700 935 1769 Caesar
955 1703 1138 1769 necessariis
1153 1703 1194 1774 21

67 1824 106 1887 up
118 1804 272 1889 imperatis
288 1805 325 1867 ad
341 1806 542 1871 cohortandos
557 1807 679 1885 milites,
696 1828 783 1888 quam
795 1807 826 1870 iu
841 1818 955 1890 partem
972 1808 1036 1871 lors
1052 1818 1138 1892 optu-

76 1906 247 1973 dccueurrit
265 1918 295 1972 et
310 1908 347 1971 ad
362 1906 512 1991 legionem
527 1911 680 1973 decumam
696 1908 826 1973 deuenit.
862 1908 980 1973 Milites
996 1930 1056 1972 nou
1072 1908 1174 1973 lon-2

67 2010 251 2075 moratione
267 2010 461 2085 cohortatus,
479 2033 566 2095 quam
581 2014 622 2075 uti
638 2030 712 2075 suae
727 2012 872 2095 pristinae
887 2012 1009 2075 uirtutis
1024 2032 1136 2075 memo·

67 2132 87 2175 ι
109 2112 282 2177 retinerent
301 2132 361 2176 neu
382 2114 631 2197 perturbarentur
658 2114 758 2178 animo
782 2114 970 2198 hostiumque
993 2114 1135 2198 impetunt

67 2212 133 2277 iter
156 2214 359 2294 sustinerent,
383 2218 461 2297 qnod
477 2238 537 2279 nou
552 2218 670 2299 longius
687 2216 789 2279 bostes
805 2216 948 2293 aberant,
974 2237 1061 2298 quam
1077 2236 1136 2298 quo
1152 2213 1172 2277 3

67 2334 109 2379 tm
124 2314 203 2379 adici
217 2326 334 2399 posset,
357 2318 463 2401 proelii
488 2320 691 2383 eornmitteodi
713 2321 829 2403 siguum
854 2317 945 2381 dedit.
990 2318 1090 2399 Atque
1105 2318 1173 2382 ind

67 2436 144 2481 mnu
158 2426 272 2501 partem
292 2419 363 2483 item
384 2422 561 2485 cohortandi
578 2442 669 2484 eausa
692 2424 845 2505 prolectas
867 2417 1070 2503 pugnantibus
1086 2438 1137 2481 oe-

67 2518 121 2585 rit.
170 2516 328 2605 Tenporis
342 2532 426 2585 tanta
443 2524 499 2587 luit
515 2524 666 2607 exiguitas
682 2524 870 2607 boetiumque
886 2533 945 2585 tom
962 2530 1083 2604 paratus
1099 2518 1172 2582 aas

67 2620 213 2687 iesndum
226 2623 357 2700 animus,
374 2637 408 2689 ut
422 2648 483 2690 nco
499 2628 586 2689 modo
602 2627 638 2690 ad
654 2627 785 2711 insignia
800 2623 1065 2701 adcommodanda,
1084 2624 1139 2687 sed

67 2744 101 2788 ιι
114 2725 154 2789 ad
167 2725 272 2811 galeas
288 2726 453 2792 induendas
468 2730 622 2813 scutisque
639 2730 802 2814 tegimenta
818 2725 1000 2791 detrudendo
1021 2736 1138 2810 tempus

67 2826 150 2893 terit.
182 2824 282 2909 Quom
298 2830 427 2917 quisque
443 2832 479 2895 ab
495 2852 586 2917 opere
601 2832 633 2895 in
648 2842 765 2917 partem
780 2850 852 2893 easu
867 2829 990 2893 deuenit
1004 2848 1138 2912 quaeque
1152 2824 1173 2888 6

67 2950 105 2995 ss
119 2930 210 3014 sigua
224 2932 404 3016 conspexit,
427 2935 464 2999 ad
487 2935 560 2999 baec
583 2936 740 3012 constitit,
764 2955 802 2998 ue
823 2933 854 2995 in
878 2933 1058 3017 quaerendis
1073 2932 1136 2995 sois

67 3033 164 3105 nandi
179 3044 297 3117 ternpus
313 3034 489 3101 dimitteret.
512 3035 666 3101 Instructo
682 3037 832 3113 exercitu,
849 3036 943 3119 magis
960 3045 993 3099 ut
1007 3034 1066 3098 loei
1082 3055 1135 3097 ua·
1150 3032 1195 3103 22

67 3156 78 3199 ι
92 3134 290 3219 deiectusque
306 3137 390 3202 collis
406 3152 436 3203 et
451 3141 619 3203 necessitas
636 3140 796 3223 temporis,
815 3161 901 3222 quam
919 3148 952 3200 ut
966 3138 1011 3200 rei
1027 3136 1136 3199 milita-

67 3238 145 3301 ratio
161 3246 252 3327 atque
268 3241 341 3303 ordo
357 3241 544 3324 postulabat,
571 3264 637 3305 eum
660 3242 787 3306 diuersis
804 3240 971 3325 legionibus
987 3236 1063 3300 aliae
1079 3237 1138 3300 alia

67 3348 144 3405 terte
158 3340 295 3405 hostibus
309 3344 500 3423 resisterent,
518 3344 697 3429 sepibusque
713 3342 919 3421 densissimis,
942 3350 976 3403 ut
997 3348 1068 3402 ante
1083 3337 1136 3401 de-

124 3519 139 3572 l
153 3523 312 3575 sreessiendi
323 3525 360 3577 tt.
481 3525 623 3596 asigoom]
638 3527 699 3578 tuba
712 3528 775 3579 odd.
791 3526 818 3579 d.
924 3523 939 3575 3
952 3529 1096 3586 temporum
1110 3520 1135 3571 b.

122 3612 260 3652 summus
272 3601 300 3652 A
310 3602 353 3667 (ir
365 3618 402 3654 sn.
418 3617 465 3669 pr.
479 3603 638 3671 snbeessus)
651 3605 754 3671 BDE,
775 3606 894 3655 incursus
909 3599 981 3665 bes,·
1003 3602 1032 3649 dn
1046 3598 1134 3649 Beee.

67 3672 223 3729 etinenrsos
234 3684 441 3747 setmosorrpsa't.
529 3682 680 3749 inpediebat
690 3684 724 3733 11.
819 3684 835 3734 9
848 3679 1023 3747 expectsbnot
1035 3677 1135 3741 uult,

67 3754 201 3807 *tabent
213 3752 343 3821 (AE)e,·
357 3758 512 3824 spectabant
525 3758 570 3824 ej.
677 3760 709 3811 10
724 3758 882 3810 necessariis
894 3770 978 3822 sopra
991 3770 1076 3819 uera,
1090 3756 1139 3805 sed

67 3846 114 3899 ret,
127 3832 164 3885 B.
302 3834 331 3886 ll
348 3835 403 3886 lors
415 3836 442 3886 A
448 3834 495 3901 (B)
506 3836 528 3887 0
535 3836 633 3900 D(ld),·
646 3852 705 3889 sors
717 3838 759 3903 es.
887 3834 982 3901 optulit
993 3834 1027 3885 B.

119 3912 155 3969 tt
168 3910 519 3981 teeoeemttmqmoffl,
540 3914 658 3965 decurrit
669 3916 700 3981 J.
876 3912 1009 3963 decumam
1021 3911 1047 3961 D
1061 3914 1137 3961 edm.

67 3988 133 4041 AB.
301 3990 333 4043 13
346 3992 499 4043 cohortatus
517 3993 545 4044 A
552 3992 608 4046 1111
619 3992 664 4059 (tt)
678 3997 753 4045 ‘mes
767 3991 818 4057 tt’,
832 3997 874 4042 est
885 3992 1038 4042 cohortatus
1053 3988 1075 4040 C
1083 3988 1144 4055 tes

67 4065 199 4119 useel.
305 4069 337 4121 15
351 4083 426 4135 quam
440 4069 507 4136 qood
521 4068 600 4120 telum
613 4070 640 4120 d.
760 4069 885 4133 lbludiei
898 4064 1135 4134 praetoremn.

67 4144 141 4213 utet
161 4144 195 4207 d,
215 4146 286 4198 abici
299 4148 324 4199 b.
466 4148 498 4201 17
511 4146 603 4214 cauea]
624 4148 719 4213 ‘grstia
735 4147 757 4199 C
768 4162 890 4215 soprato.
905 4142 1004 4197 eonsa‘.

67 4220 126 4275 nult
136 4236 193 4273 ort.
207 4222 242 4273 A.
332 4222 364 4275 111
377 4222 597 4275 adcommodant·
612 4238 649 4275 m.
658 4238 705 4292 pr.
721 4224 754 4274 B.
829 4222 864 4277 ’,10
876 4220 1037 4273 inducendus
1050 4219 1077 4270 A
1083 4220 1140 4272 BC

71 4300 141 4369 des.
214 4309 399 4369 scutorumque
411 4317 535 4368 supereo.
550 4305 580 4353 s'n
587 4302 621 4354 A.
684 4301 846 4354 detrudendo
857 4300 912 4352 AB
924 4301 950 4352 ‘b
959 4297 1035 4357 oter,
1050 4296 1140 4349 detra·

67 4376 95 4431 Ιι
112 4376 187 4445 (Es)
199 4378 305 4445 relique·
310 4379 438 4445 plerique
450 4384 480 4430 et
489 4394 526 4429 m.
540 4394 593 4429 see.
606 4381 640 4434 11.
717 4378 749 4431 tt
763 4377 797 4428 eb
810 4392 888 4444 opere
900 4376 926 4427 iu
940 4383 1040 4443 partem
1052 4375 1079 4426 A
1084 4375 1140 4427 BC

67 4456 122 4525 ss,
134 4456 163 4507 iu
175 4464 277 4525 partem
290 4457 323 4507 eb
337 4471 416 4524 opere
432 4472 461 4509 et.
540 4472 642 4525 qnoque
651 4458 676 4507 b.
758 4458 793 4513 22
805 4456 970 4525 slguaprima
980 4457 994 4505 b
1003 4472 1026 4505 e.

67 4533 243 4601 equesendo
256 4548 317 4583 suos
330 4550 354 4597 e,
368 4549 401 4584 ne
413 4533 568 4601 inquirendo
582 4534 718 4600 suoebes.
858 4534 893 4589 tt
906 4531 1109 4598 delectusqueA
1117 4531 1142 4580 11

67 4611 151 4663 'ede
240 4608 274 4665 ²5
288 4609 401 4661 diuereis
415 4608 561 4675 legionibus
574 4612 630 4665 As
639 4613 737 4665 cute
750 4626 841 4663 omnes
854 4609 1141 4673 Soloea’dertpraeter

67 4704 97 4741 a
107 4688 185 4755 dec,
203 4686 318 4740 diuersis
331 4688 397 4739 loeis
410 4688 525 4753 legiones
537 4704 566 4739 tt.
659 4688 693 4744 26
707 4686 874 4756 sepibusque]
888 4685 1059 4749 sentibusque
1075 4683 1107 4733 d'.
