2646 5124
490 154 575 164 —
623 117 680 180 137
727 156 810 166 —-

125 309 188 371 agros
204 287 357 351 Volcarum
374 286 620 353 Arecomicorum
637 301 665 352 et
682 290 856 355 Heluiorum
872 296 986 378 publico
1001 299 1040 360 iis
1057 321 1215 365 concesse-

48 418 52 431 =
114 392 235 469 titillor
248 391 329 455 bello
346 390 569 456 uictasGallias
584 394 754 457 attribuerit
768 397 1135 480 uectigaliaqueauxerit'.
1153 401 1215 465 Sorl

41 458 51 579 l
107 493 209 559 nburle
232 492 401 559 Caesarem
420 492 665 559 Massiliensibus
688 494 804 562 Gallias
819 501 991 565 attribuisse
1013 502 1104 567 dicia
1121 502 1215 568 Glan-

41 590 43 595 ’
102 598 189 683 lupio
199 597 450 661 animaduersum
463 609 523 673 est,
539 598 677 685 idemque
689 602 762 664 baec
772 600 814 663 ita
827 604 1014 668 emendauit:
1034 606 1124 670 ‘alter
1134 606 1213 671 bello

98 700 180 765 uictos
201 698 328 786 Sallyas
351 700 545 777 attribuerit',
567 723 643 785 quae
665 705 834 767 emendatio
856 716 886 768 et
908 703 1120 791 (ludenrlorpio
1142 710 1213 773 reli-

94 806 209 889 quisque
223 806 356 889 probata
372 815 439 883 est,
464 825 561 887 neque
576 826 632 891 ego
648 818 700 870 aut
714 808 868 870 meliorem
886 817 938 871 aut
952 810 1112 873 certiorem
1128 812 1212 875 inue-

93 909 139 972 niri
154 930 244 993 posse
261 911 367 973 crerlo.
404 907 522 974 Verum
537 909 568 971 iu
583 929 632 988 eo,
649 920 789 992 quantum
806 910 882 983 scio,
900 932 1005 973 omnes
1022 924 1211 991 erraueruut,

92 1011 158 1093 qaod
173 1007 347 1076 Caesarem
364 1012 420 1075 boc
435 1012 544 1075 iecisse
559 1022 706 1075 statuunt.
738 1010 818 1075 Nam
834 1010 956 1096 Sallyes
972 1010 1213 1077 Massiliensibus
1236 1075 1239 1081 .

90 1115 194 1178 ocinus
217 1115 318 1179 luisse
342 1124 445 1177 notum
468 1124 533 1177 est:
552 1110 668 1178 Caesar
688 1126 787 1178 auteur
810 1138 876 1177 cum
899 1115 937 1178 iis
963 1117 1098 1199 populis,
1117 1117 1213 1199 quiin

91 1218 238 1299 prouincia
252 1219 391 1293 luerunt,
410 1216 520 1280 nullum
535 1216 644 1280 bellurn
660 1216 774 1282 babuit.
813 1215 917 1300 ltaque
941 1217 988 1280 bic
1009 1220 1121 1280 iactum
1145 1238 1213 1282 esse

92 1320 271 1384 statuendum
286 1330 359 1399 est,
382 1319 460 1403 quod
477 1341 567 1405 saepe
582 1340 638 1383 usu
653 1321 755 1397 uenit,
772 1330 806 1383 ut
819 1321 993 1394 enuntiata,
1011 1341 1086 1403 quae
1102 1319 1214 1383 babent

92 1442 245 1505 pronomen
262 1424 380 1502 ‘alter',
397 1424 519 1488 inuerso
534 1424 641 1487 ortliue
655 1424 692 1487 all
706 1423 862 1507 superiora
878 1424 998 1487 nomina
1008 1424 1209 1487 referrentur.

91 1520 157 1589 llam
171 1524 361 1612 Pompeius,
385 1527 444 1591 etsi
460 1548 497 1590 ue
513 1547 578 1591 eum
595 1526 712 1609 quidem
730 1523 850 1611 Sallyes
871 1527 983 1590 uicisse
1005 1526 1131 1590 relatum
1149 1536 1208 1603 est,

91 1636 177 1692 tamen
193 1639 227 1693 et
240 1629 275 1692 in
290 1628 437 1693 ulteriore
452 1630 606 1714 prouincia
622 1630 730 1693 bellum
746 1630 841 1713 gessit
856 1640 888 1693 ct
907 1630 1044 1694 ciuitates
1066 1628 1210 1710 quasdam

88 1732 163 1813 agris
182 1732 337 1795 multauit.
374 1728 553 1797 Sertoriano
575 1733 653 1797 euim
676 1733 753 1797 bello
776 1755 842 1796 cum
862 1732 1023 1815 Pompeius
1046 1732 1077 1795 in
1101 1730 1210 1816 Hispa·

88 1833 164 1897 niam
181 1835 364 1914 mitteretur,
378 1847 520 1919 quaestor
534 1833 664 1900 Sertorii
679 1835 718 1899 L.
736 1836 902 1900 Hirtuleius
918 1833 957 1897 L.
977 1832 1102 1897 Valerio
1117 1831 1210 1897 Prac-

90 1936 196 1999 coniuo
226 1936 328 2022 legato
354 1948 384 2003 et
409 1936 450 2001 L.
475 1936 583 2003 Mallio
604 1941 783 2023 proconsule
799 1938 919 2005 Galliae
951 1935 1101 2001 ulterioris
1133 1937 1209 1999 lusis

88 2060 200 2105 omnem
231 2040 405 2105 ulteriorem
433 2042 618 2126 prouinciam
640 2054 837 2126 occupauerat
863 2051 892 2105 ct
917 2040 1064 2103 transitus
1089 2037 1209 2122 Alpium

87 2143 240 2224 praesidiis
256 2144 390 2208 tenebat.
406 2142 488 2210 luem
498 2144 667 2209 Hirtuleius
682 2146 758 2228 apurl
768 2140 836 2207 Cic.
855 2166 908 2229 pro
918 2141 944 2205 F
946 2154 1008 2205 rint.
1032 2141 1059 2218 l,
1077 2141 1099 2203 2
1114 2140 1208 2227 partis

86 2244 281 2310 aNiebubrio
296 2260 437 2333 repertae
453 2249 595 2332 quaedam
607 2251 638 2312 in
655 2247 754 2313 Gallia
770 2249 937 2311 instituisse
953 2247 1073 2309 (licitur.
1105 2242 1209 2327 ltaque

87 2344 240 2434 Pompeius
256 2351 336 2435 apud
351 2348 529 2415 Sallustium
544 2353 575 2415 in
593 2352 727 2416 bistoriis
744 2374 772 2435 p.
790 2349 855 2415 230
869 2348 956 2413 Gerl.
974 2350 1047 2412 baec
1071 2349 1107 2411 dc
1122 2369 1155 2411 sc
1170 2347 1208 2411 ad

86 2464 215 2517 nuatum
231 2453 359 2517 scribit:
380 2454 498 2539 ‘quippe
514 2456 562 2537 qui
578 2456 699 2519 nominc
714 2456 801 2518 modo
816 2454 931 2537 imperii
949 2475 966 2516 a
983 2451 1068 2516 uobis
1084 2461 1207 2535 accepto

86 2552 184 2619 liebus
197 2552 264 2619 XL
280 2558 449 2621 exercitum
472 2558 575 2641 paraui
599 2557 759 2640 hostesque
782 2559 812 2621 in
836 2556 1005 2621 ceruicibus
1025 2557 1084 2621 iam
1100 2553 1207 2619 ltaliae

86 2669 205 2741 agentes
220 2656 261 2721 ab
277 2658 405 2743 Alpibus
420 2659 452 2723 in
468 2658 645 2745 Hispaniam
660 2661 829 2738 suurmoui,
856 2680 910 2742 per
924 2680 977 2723 eas
993 2661 1051 2722 iter
1066 2659 1147 2723 aliud
1162 2668 1207 2721 at-

87 2779 139 2841 que
152 2758 330 2839 Hannibal,
355 2760 440 2825 uubis
456 2765 651 2848 opportunius
666 2764 812 2847 patefeci,
829 2762 931 2844 recepi
946 2758 1096 2837 Galliam,
1114 2758 1209 2844 Pyre·

86 2864 280 2927 tatum'eett.
297 2861 361 2927 lana
377 2866 511 2930 nonnulli
529 2865 684 2931 Gallorum
701 2865 800 2950 populi
816 2863 967 2926 Hirtuleio
983 2884 1016 2927 se
1033 2862 1210 2926 adiunxisse

84 2974 111 3027 et
122 2966 299 3031 aduenienti
314 2965 458 3052 Pompeio
473 2971 623 3034 restitisse
639 2970 791 3032 uidentur.
823 2966 904 3031 Nam
921 2962 989 3029 Cic.
1008 2965 1044 3028 rle
1060 2964 1130 3047 imp.
1149 2958 1208 3025 Cn.

83 3061 186 3153 lump.
205 3068 258 3144 ll,
274 3068 319 3135 30
338 3069 473 3157 Pompeii
493 3072 661 3157 legionibus
676 3073 737 3137 iter
750 3073 781 3136 in
798 3070 974 3156 Hispaniam
995 3066 1148 3133 Gallorum
1164 3066 1210 3129 iu·

84 3173 255 3237 lamecioue
269 3175 452 3259 patefactum
469 3196 538 3242 esse
553 3187 778 3241 commemorat.
816 3173 900 3239 Idem
923 3184 1021 3237 autem
1044 3191 1099 3254 pro
1114 3168 1206 3233 Font.

84 3270 141 3348 24
154 3294 197 3339 ex
211 3275 338 3341 decreto
353 3275 489 3363 Pompeii
497 3276 602 3343 Gallus
616 3280 659 3343 ait
675 3300 716 3344 ex
730 3280 811 3363 agris
827 3279 972 3343 decedere
987 3286 1109 3342 coactos
1125 3293 1206 3338 esse.

84 3368 164 3439 llello
186 3378 285 3462 igitur
300 3376 478 3445 Sertoriano
501 3382 590 3446 etiam
606 3379 726 3467 Sallyas
740 3403 760 3445 a
774 3378 916 3467 Pompeio
932 3382 1028 3445 uictos
1052 3389 1084 3446 et
1098 3373 1208 3441 Massi·

84 3475 223 3546 ieusibus
240 3482 401 3547 attributos
416 3505 484 3549 esse
500 3485 732 3549 existimandum
748 3495 804 3549 est.

159 3579 200 3649 C.
227 3582 272 3649 38
293 3585 335 3649 in.
361 3608 466 3651 manca
488 3587 575 3651 codd.
592 3588 740 3672 scriptura
762 3587 865 3653 neseio
887 3608 984 3670 aquo
1007 3586 1051 3649 ita
1072 3584 1210 3669 suppleta

85 3694 140 3747 est:
159 3686 319 3751 ‘Aduentu
337 3685 376 3751 L.
394 3687 521 3755 Vibullii
542 3689 630 3769 Hui,
654 3711 742 3776 quem
757 3712 775 3754 a
789 3687 932 3774 Pompeio
955 3689 1078 3752 missum
1100 3689 1131 3750 in
1156 3685 1210 3749 lli-

87 3790 212 3869 tpaniam
230 3792 467 3856 demonstratum
483 3804 549 3872 est,
572 3792 719 3857 Afranius
734 3803 766 3857 et
777 3792 919 3858 Petreius
935 3804 966 3857 et
974 3790 1094 3867 Varro,
1117 3785 1211 3873 legati

87 3884 234 3976 Pompeii,
252 3914 380 3976 quorum
396 3916 474 3961 unus
490 3892 534 3959 lll
549 3895 718 3980 legionibus
734 3895 908 3980 Hispaniam
925 3896 1116 3969 citeriorem,
1134 3889 1211 3952 alter

88 3996 189 4061 taaltu
205 3992 424 4065 Castulonensi
439 4000 477 4064 arl
491 3998 592 4063 Anam
607 3999 722 4064 tluabus
737 3999 922 4085 legionibus,
952 3997 1059 4061 tertius
1084 3993 1120 4057 ab
1140 3990 1212 4053 Ana

89 4090 246 4163 Vettonum
262 4122 368 4187 agrum
382 4098 631 4190 Lusitaniamque
646 4103 711 4187 pari
726 4122 851 4166 numero
871 4101 1022 4183 legionum
1045 4092 1210 4167 obtinebat,

90 4198 181 4269 olisia
193 4204 278 4269 inter
300 4226 335 4271 se
356 4206 551 4292 partiuntur'.
587 4204 670 4273 Nam
685 4205 777 4270 uerba
795 4202 853 4270 ‘lll
867 4198 1048 4287 legionibus’
1066 4205 1099 4259 ct
1114 4188 1212 4255 ‘alter'
