2646 5124
511 560 811 626 -56-

102 738 269 823 ligeretor,
292 736 345 799 sed
360 734 390 798 id
405 731 590 818 postulabat,
612 743 645 796 nt
666 733 697 796 in
713 732 892 816 colloquium
906 730 1046 810 ueniret,
1068 732 1152 815 quod
1171 732 1230 819 qius

101 839 221 904 facilius
235 839 422 923 impetraret,
440 836 538 899 locum
551 835 607 921 ipsi
620 835 808 919 deligendum
824 833 940 917 quidem
954 832 1161 919 relinquebat,
1176 836 1228 902 sed

103 961 163 1006 nou
180 939 364 1026 postulabat,
386 949 420 1001 ut
434 939 598 1023 deligeret,
617 958 721 1001 oerum
737 947 771 1001 ut
785 936 984 1000 constitueret
997 936 1117 1017 locum,
1141 958 1227 1023 quen

101 1043 286 1127 delegisset’.
317 1041 485 1105 Enimuero
501 1042 573 1104 cilul
588 1062 662 1103 sane
677 1039 842 1116 reiciebat,
859 1039 908 1121 qur·
922 1040 1226 1124 locusdeligereturr

102 1157 134 1210 at
146 1167 214 1210 num
228 1147 296 1209 ideo
307 1146 406 1208 nullus
418 1153 485 1209 orat
497 1143 691 1225 deligendos?
705 1140 904 1223 Deligeudom
918 1128 1012 1207 luisse¹
1022 1144 1089 1226 ipse
1101 1139 1227 1209 Seleuci-

102 1251 192 1314 derue
208 1249 364 1326 oooicedit3
382 1256 593 1328 et,anthuam
610 1245 639 1308 id
648 1247 754 1308 laetum
767 1255 861 1322 esset,
878 1265 917 1309 ue
929 1246 960 1308 io
970 1246 1152 1330 colloquium
1163 1246 1227 1331 qui·

103 1354 168 1417 dem
185 1351 282 1417 ueniri
298 1352 432 1436 potuisse
447 1361 581 1435 apparet.
620 1342 698 1410 Cum
720 1357 819 1411 auteur
843 1347 976 1432 deligere
995 1347 1107 1431 uliquis
1129 1348 1224 1415 locu

101 1455 234 1533 iubetur,
252 1456 387 1540 prolecto
403 1474 437 1517 ea
454 1453 516 1537 ipsa
533 1472 568 1514 re
584 1452 771 1534 postulator,
787 1461 838 1529 ut,
855 1471 942 1533 quem
958 1450 1123 1535 delegerit,
1139 1452 1225 1517 dost

100 1558 262 1642 siguiliect.
292 1555 363 1619 Nisi
381 1558 471 1632 lorte,
489 1564 523 1615 ut
537 1553 593 1616 looe
609 1564 689 1628 ntur,
705 1551 735 1614 lo.
754 1553 813 1616 cic.
831 1549 866 1633 l,
887 1550 941 1630 84,
958 1552 1100 1617 anemis
1124 1552 1226 1619 ‘ueni-

101 1671 151 1724 tur
164 1660 197 1723 in
211 1678 278 1721 eum
294 1660 404 1733 locuni,
422 1676 509 1739 quoru
524 1651 642 1719 Caesar
655 1656 779 1741 delegit'
796 1656 942 1721 declarari
958 1665 1098 1739 putamus
1112 1654 1146 1719 in
1160 1675 1225 1721 en

101 1762 198 1826 locum
215 1770 335 1823 neutum
352 1780 433 1834 esso,
450 1778 537 1841 quem
554 1753 672 1822 Caesar
686 1758 845 1841 delegisset
862 1757 992 1842 quiden,
1017 1759 1071 1825 sed
1086 1757 1163 1823 unlli
1182 1758 1224 1823 ι’·

101 1863 286 1948 guilicusset.

186 1961 363 2047 Sequuntur
377 1965 435 2029 iam
451 1964 508 2028 loci
524 1965 649 2048 aliquot,
667 1964 717 2027 ubi
732 1963 910 2048 optimorum
925 1964 1060 2028 codicum
1075 1964 1225 2050 scripturn

100 2068 168 2132 ideo
183 2066 298 2131 reiecta
314 2077 379 2145 est,
403 2068 473 2151 quia
494 2069 603 2132 afferre
624 2066 734 2151 aliquid
758 2066 932 2145 uidebatur,
957 2066 1035 2149 quod
1056 2066 1130 2131 oliti
1149 2066 1225 2153 apud

101 2166 265 2233 Caesarem
282 2192 342 2234 ooc
358 2171 554 2235 inueniretur.
586 2166 674 2250 Quae
689 2189 779 2232 causo
795 2190 982 2255 nequaquam
1004 2170 1117 2235 idoneo
1130 2170 1225 2237 uideri

99 2271 201 2337 debet.
230 2271 313 2337 Num
328 2273 355 2337 si
370 2273 418 2347 id,
436 2275 512 2358 quod
529 2273 630 2357 optimi
646 2272 766 2335 codices
782 2272 945 2357 praebent,
961 2272 1038 2356 apud
1053 2272 1133 2339 ulios
1146 2273 1225 2339 eiu·

100 2375 166 2441 dem
182 2376 247 2441 siue
262 2376 337 2440 adeo
352 2377 509 2460 proximae
524 2376 633 2439 aetatis
648 2375 813 2459 scriptores
833 2374 1004 2452 inuenitur,
1027 2374 1132 2457 quidni
1147 2370 1225 2441 Cne-

100 2500 197 2543 sarcm
214 2500 331 2563 quoque
346 2479 439 2542 semel
463 2479 504 2542 ita
526 2477 685 2560 scripsisse
702 2498 804 2539 coruom
821 2479 955 2540 codicum
971 2478 1146 2543 auctoritati
1161 2499 1225 2544 ere-

100 2582 226 2646 damus?
253 2581 359 2664 Itaque
374 2580 435 2658 40,
460 2579 561 2643 5cun1
578 2580 608 2642 iu
624 2578 723 2663 Bong.
741 2601 788 2663 pr.
807 2576 877 2642 Par.
896 2601 941 2663 pr.
959 2578 1049 2663 Egm.
1068 2577 1160 2644 Vrat.
1176 2602 1223 2667 pr.

99 2696 132 2747 et
145 2684 318 2748 melioribus
334 2684 518 2748 deteriorum
542 2685 675 2746 codicum
697 2683 840 2767 scriptum
865 2683 906 2746 sit
928 2692 1022 2768 ‘quos
1045 2694 1148 2749 tamen
1171 2685 1226 2749 uli·

100 2787 168 2868 quid
183 2808 258 2851 usus
273 2809 308 2851 ac
323 2786 498 2869 disciplina,
524 2804 599 2867 quoe
623 2807 640 2848 a
664 2786 749 2848 uobis
770 2785 976 2868 accepissent,
999 2784 1223 2865 subleuanent',

98 2888 172 2953 illud
190 2891 287 2972 ‘quae'
303 2889 485 2971 reliquorum
501 2888 670 2971 scripturae
688 2889 797 2972 ‘quom'
815 2890 1041 2971 praeferendum
1057 2899 1117 2952 est.
1143 2886 1226 2955 Saue

100 2992 136 3055 de
152 2991 182 3054 t.
201 2992 260 3055 cic.
278 2989 322 3069 ll,
338 2990 371 3067 2,
389 2990 409 3052 5
434 2990 625 3074 ‘eruptiones
641 2991 752 3053 licbant
765 3012 805 3053 ex
826 2991 946 3075 oppido,
963 2991 1109 3074 ignesque
1120 2992 1225 3076 aggeri

99 3104 131 3157 et
151 3094 284 3158 turribus
305 3093 530 3157 inlercbantur:
562 3115 638 3178 quae
669 3094 756 3157 lacile
777 3095 873 3158 nestri
896 3094 1006 3157 milites
1030 3093 1224 3176 repellebant’

98 3209 238 3262 neutrum
251 3197 448 3282 pronominis,
466 3207 499 3259 ut
513 3193 715 3260 Sclincidcros
731 3196 862 3272 monuit,
888 3218 947 3259 non
961 3198 998 3260 ad
1013 3195 1161 3261 roccaboia
1175 3216 1226 3261 stt-

98 3300 230 3385 periora‚
248 3302 299 3364 scol
317 3301 352 3363 ad
370 3300 522 3364 enuritiata
534 3302 673 3363 rcicrtur.
693 3295 753 3362 Scd
770 3320 805 3363 co
822 3301 900 3375 loco,
919 3321 1004 3381 quem
1021 3298 1106 3363 initio
1123 3299 1225 3382 posui,

97 3397 261 3468 Caesarem
285 3426 370 3468 usum
394 3424 429 3467 ac
451 3403 637 3484 disciplinam
661 3423 721 3464 nou
746 3403 782 3464 ad
807 3422 895 3465 urnam
919 3423 982 3466 rem
998 3403 1226 3485 significandam

98 3506 314 3581 coniunxisse,
346 3507 399 3569 scd
431 3504 659 3586 unumquodque
689 3503 865 3567 uocabulum
896 3504 1057 3586 separatim
1085 3504 1226 3589 posuisse

98 3625 240 3669 numerus
263 3608 347 3669 uerbi
372 3605 599 3669 ‘subleuarcnt'
622 3604 731 3668 indicio
752 3616 815 3682 est,
840 3617 871 3669 et
893 3607 987 3670 semel
1002 3629 1069 3670 eom
1084 3618 1226 3672 neutrum

96 3708 281 3792 pronominis
304 3707 342 3769 ad
362 3709 422 3770 duo
443 3708 586 3770 uocabula
610 3708 686 3772 alius
703 3708 825 3790 generis
848 3709 986 3773 retulisse
1002 3731 1041 3773 co
1055 3710 1153 3773 miuus
1168 3710 1226 3775 rui·

96 3810 158 3873 rari
175 3808 335 3886 debemus,
358 3829 425 3872 cum
441 3830 477 3873 ea
493 3809 571 3873 ratio
586 3832 605 3873 a
620 3811 701 3874 nullo
717 3811 864 3894 scriptore
882 3832 935 3895 pro
951 3811 1120 3876 occasionis
1136 3812 1227 3897 eopia

97 3912 286 3994 frequentata
304 3933 372 3975 csse
388 3912 537 3976 uideatur.
585 3909 644 3976 Sed
668 3913 745 3976 dixit
765 3914 805 3975 ita
830 3910 897 3978 Cic.
924 3914 960 3976 de
977 3924 1039 3977 nat.
1058 3916 1140 3977 deor.
1159 3911 1224 3995 lll,

95 4011 150 4092 24,
167 4010 208 4076 61
228 4016 349 4096 ‘quam'
366 4016 536 4097 (loctunam
553 4014 645 4097 dicit)
663 4021 768 4077 ‘nomo
783 4016 820 4078 alu
836 4016 1040 4078 inconstantia
1056 4026 1087 4079 ct
1102 4017 1225 4080 temeri·

95 4126 159 4180 tate
172 4117 323 4200 seiunge,
341 4136 416 4199 qnae
432 4117 520 4200 digua
536 4127 618 4180 certe
634 4139 694 4180 noc
710 4129 780 4181 sunt
795 4117 871 4195 dco',
889 4115 965 4183 Sall.
984 4115 1052 4182 Cat.
1070 4117 1092 4182 5
1109 4120 1227 4204 ‘iuopia

94 4219 139 4282 rei
164 4219 319 4283 familiaris
340 4230 371 4283 et
393 4219 577 4283 conscientia
600 4222 765 4299 scelerum,
788 4242 864 4305 quae
888 4232 1012 4305 utraque
1036 4222 1083 4284 his
1106 4223 1225 4287 artibus

96 4322 247 4385 auxerat'.
281 4318 367 4403 Quod
384 4333 481 4385 autem
497 4344 525 4385 c.
542 4322 604 4396 44,
623 4321 664 4387 19
679 4324 709 4386 in
725 4322 825 4407 Bong.
848 4344 893 4407 pr.
912 4322 1002 4406 Egm.
1021 4323 1109 4388 Vrut.
1127 4344 1174 4408 pr.
1193 4334 1226 4389 et

95 4423 185 4507 louge
201 4424 336 4508 plurimis
352 4425 533 4489 deteriorum
549 4426 683 4489 codicum
700 4426 810 4510 legitur
831 4427 899 4509 ‘qui
925 4426 982 4490 nisi
996 4426 1121 4490 decedat
1132 4437 1225 4509 atque

96 4527 263 4592 exercitum
279 4528 406 4592 deducat
419 4549 460 4592 ex
477 4528 522 4591 liis
538 4528 730 4613 regionibus,
756 4549 825 4594 sese
846 4529 927 4592 illum
951 4550 1011 4591 uon
1035 4550 1089 4612 pro
1109 4528 1223 4604 amice,

95 4630 148 4697 sed
164 4630 250 4696 hoste
265 4628 432 4695 habiturum
440 4630 463 4709 ’,
480 4652 548 4696 curu
563 4631 594 4695 in
608 4630 733 4715 reliquis
750 4631 835 4695 codd.
853 4631 894 4695 sit
910 4631 973 4696 ‘sed
990 4652 1044 4716 pro
1058 4631 1174 4708 lroste',
1191 4631 1224 4696 id
