2646 5124
486 583 809 653 ...233-

67 756 116 825 lbi
131 780 201 823 cunr
217 757 408 823 excidissent
421 768 453 823 et
466 757 498 821 in
514 758 649 843 margine
659 771 763 824 esseut
772 762 919 846 suppleta,
937 764 1207 848 errorcsuperioro

71 863 140 929 loco
156 862 259 947 posita
273 871 366 939 sunt,
388 860 476 943 quia,
500 871 535 923 ut
549 862 645 925 altero
660 860 752 926 uerba
779 873 829 927 ‘et
844 887 911 928 cuna
926 866 964 929 ad
979 888 1032 931 eos
1048 868 1207 951 appropin-

73 962 219 1048 quasset’‚
236 964 282 1027 ita
297 962 399 1048 priore
416 970 494 1026 ‘cum
508 965 806 1048 appropinquassent
823 965 1009 1051 legebantur.

156 1062 286 1129 Initium
302 1086 331 1128 o.
352 1064 392 1127 12
406 1064 451 1128 sio
466 1065 629 1130 edebatur:
656 1064 806 1130 ‘Postero
827 1068 875 1130 die
900 1090 938 1132 ex
962 1070 1082 1155 legione
1096 1090 1207 1134 uerna·

78 1170 138 1235 ula
154 1170 269 1233 milites
284 1178 359 1232 sunt
373 1167 452 1251 capti
468 1167 505 1231 ab
521 1168 669 1249 equitibus
687 1170 798 1233 nostris
814 1168 856 1247 lt,
874 1173 924 1252 qui
940 1173 1082 1235 dixerunt
1095 1193 1129 1236 se
1144 1193 1208 1235 ser-

79 1292 128 1343 tos
143 1292 229 1337 esse.
262 1266 341 1335 Cum
358 1270 510 1346 uenirent,
527 1271 640 1353 cogniti
656 1282 728 1335 suut
743 1292 760 1334 a
776 1273 940 1337 militibusz
965 1274 1014 1356 qui
1037 1284 1126 1337 antea
1141 1294 1207 1336 eum

79 1368 166 1439 Fabio
181 1383 215 1437 ct
229 1368 328 1435 Pedio
345 1374 465 1436 fucrant
491 1382 523 1434 et
543 1394 562 1437 a
577 1372 733 1438 Trebonio
751 1376 998 1460 transfugerant'.
1032 1374 1090 1439 llic
1105 1386 1208 1439 extre-

77 1476 230 1541 uuerbe
246 1474 423 1539 necessario
437 1474 551 1539 maiore
567 1476 792 1540 distinctinnca
813 1478 1021 1561 superioribus
1043 1477 1210 1561 separanda
1248 1536 1250 1542 .

77 1590 155 1657 mut,
170 1578 293 1654 utfeci,
311 1577 385 1641 etde
395 1575 509 1639 duobus
516 1577 658 1641 militibus
666 1579 793 1663 legionis
802 1579 1207 1664 uernaculaeintellegenda‚

78 1680 126 1765 gui
140 1701 161 1744 a
174 1676 372 1745 Caesarianis
387 1679 464 1762 capti
481 1691 578 1742 eraut.
609 1679 689 1744 Nam
705 1684 735 1744 in
752 1678 896 1746 Caesaris
911 1685 1049 1746 exercitu
1065 1684 1107 1760 ii,
1125 1683 1175 1764 qui
1191 1702 1210 1745 a

77 1780 252 1861 Trebonio,
282 1775 570 1865 legandorum,
595 1786 839 1867 transfugerant,
872 1806 940 1849 esse
969 1806 1028 1849 uon
1053 1794 1207 1870 poteraut.

75 1882 192 1949 Verum
207 1884 312 1949 ncilla
328 1883 446 1967 quidem
461 1884 580 1949 ratione
596 1906 631 1948 ea
649 1885 738 1950 uerba
755 1888 833 1950 tucri
851 1888 930 1952 licet.
961 1886 1042 1951 Nam
1065 1908 1132 1951 curn
1149 1884 1209 1949 Fa·

71 1986 154 2051 bium
170 1996 203 2051 et
215 1984 345 2051 Pedium
360 1984 543 2069 aliquantum
559 1999 627 2071 post
641 1986 824 2053 Trebonium
841 2012 857 2053 a
870 1986 1004 2054 Caesare
1019 1992 1049 2054 in
1066 1988 1209 2072 llispani·

70 2110 119 2155 tur
135 2091 250 2153 missos
265 2100 486 2166 macerasset,
511 2090 560 2172 qui
575 2112 592 2153 a
608 2088 761 2156 Trebonio
778 2095 1022 2175 transfugerant,
1047 2112 1207 2174 numquam

68 2214 142 2257 cunr
165 2190 266 2255 Fabio
288 2202 320 2255 et
339 2190 433 2256 Pedio
456 2194 551 2256 fuisse
579 2203 714 2277 apertum
735 2205 801 2257 est:
832 2206 863 2256 ot
883 2206 1038 2277 utramque
1059 2196 1209 2277 legionem

69 2292 278 2359 uernaculam
293 2290 476 2357 aTrebonio
492 2297 692 2378 transfugisse
708 2308 815 2361 auctor
830 2316 858 2358 o.
875 2294 909 2372 7,
927 2296 948 2357 lr
963 2296 1084 2358 retulit:
1112 2293 1209 2356 ‘duae

68 2396 209 2459 fuerunt
224 2394 409 2473 uernaculae,
427 2416 504 2478 quac
519 2416 538 2459 a
551 2394 706 2461 Trebonio
724 2397 970 2483 transfugerant'.
1018 2393 1052 2459 Si
1069 2396 1101 2457 in
1116 2395 1211 2457 omni·
1269 2398 1273 2403 '

68 2497 134 2563 ltus
152 2496 239 2561 codd.
256 2496 301 2561 ita
314 2496 457 2581 scriptum
472 2510 575 2575 esset,
599 2511 629 2562 ut
645 2521 736 2583 supra
752 2501 856 2585 posui,
874 2522 933 2563 non
951 2510 1052 2583 posset
1068 2496 1210 2572 dubitari,

71 2598 148 2683 quin
165 2598 260 2663 uerba
276 2598 467 2665 ‘aTrcbonio
484 2603 719 2685 transfugerant'
737 2623 776 2665 ex
793 2604 849 2667 hoc
864 2604 929 2687 ipso
946 2604 1012 2665 loeo
1028 2622 1057 2665 c.
1075 2599 1107 2676 7,
1126 2619 1213 2681 quem

71 2702 165 2765 modo
178 2702 321 2787 ascripsi,
337 2701 417 2765 male
431 2702 479 2766 bic
493 2703 577 2766 illata
594 2715 709 2767 essent.
750 2700 811 2769 Sed
828 2726 894 2767 oum
910 2704 942 2766 in
958 2702 1048 2767 Leid.
1065 2724 1113 2788 pr.
1131 2702 1213 2786 lega-

74 2814 131 2869 tur
153 2810 205 2870 ‘ct
224 2826 292 2869 euru
306 2801 462 2869 Trebonio
485 2805 741 2890 transfugerant’‚
766 2808 798 2870 in
812 2803 886 2869 Par.
916 2826 979 2870 seo.
998 2814 1043 2869 ‘et
1058 2803 1214 2868 Trebonio

76 2908 331 2991 transfugerunt,
349 2908 450 2971 uerbis
467 2915 510 2972 ‘et
523 2906 688 2972 Trebonio'
704 2911 831 2974 retentis
847 2909 943 2973 solum
961 2905 1212 2992 ‘transfugerant'

77 3008 293 3094 interpolatum
308 3010 450 3073 indicaui.
489 3010 556 3075 Hoc
571 3011 690 3075 sublato
705 3013 820 3075 minore
836 3012 1030 3075 distinetione
1046 3022 1115 3095 post
1138 3010 1215 3073 ‘mi-

78 3111 189 3177 litibus'
206 3113 307 3197 posita
323 3111 415 3177 uerba
436 3113 500 3195 ‘qui
516 3135 582 3177 eum
596 3111 694 3177 Fabio
710 3125 741 3176 et
755 3113 849 3178 Pedio
865 3116 985 3178 fueraut
1001 3125 1031 3177 et
1046 3111 1214 3177 Trebonio'

78 3214 238 3279 referenda
255 3215 377 3279 suntad
393 3216 562 3299 proximum
587 3214 779 3278 militibus&
811 3214 890 3279 Nam
907 3238 972 3279 cum
990 3238 1018 3277 c.
1035 3215 1068 3293 7,
1093 3214 1161 3277 th.
1179 3214 1217 3275 ti-

80 3314 124 3381 bri
145 3326 273 3403 praeter
294 3318 369 3381 duas
391 3320 590 3396 uernaculas‚
623 3338 749 3403 quarum
772 3318 866 3380 altera
889 3317 1061 3379 accuratius
1084 3314 1217 3381 secunda

81 3418 306 3505 appellabatur,
340 3422 442 3485 nullae
466 3423 600 3505 legiones
623 3442 642 3483 a
663 3417 818 3482 Trebonio
842 3419 1041 3501 transfugisse
1064 3419 1216 3493 dicantur,

81 3521 266 3587 tricesimum
281 3533 313 3586 et
328 3524 500 3589 tricesimam
518 3525 662 3609 primam,
687 3544 764 3605 quae
788 3532 909 3606 praeter
930 3522 998 3585 illas
1020 3521 1050 3584 iu
1072 3520 1218 3583 ulteriore

82 3622 236 3707 prouincia
251 3624 373 3689 fuerunt
387 3626 433 3709 (b.
450 3628 545 3691 Alex.
563 3624 617 3704 53,
634 3623 674 3688 6:
699 3645 766 3687 nam
783 3626 917 3707 quintam
935 3621 1052 3688 Caesar
1066 3643 1168 3687 seeum
1183 3622 1216 3686 iu

80 3724 366 3806 Africamduxerae
377 3729 439 3793 uid.
450 3730 516 3793 bar.
527 3750 577 3810 qu.
588 3750 617 3812 p.
627 3726 691 3792 218
699 3728 795 3809 sqq.)‚
814 3728 845 3789 in
853 3726 911 3790 fide
919 3725 1068 3791 mansisse
1077 3736 1213 3809 apparet.

83 3824 141 3895 liae
154 3830 256 3913 igitur
277 3841 382 3913 postea
405 3832 436 3894 iu
452 3829 538 3895 Pedii
560 3850 676 3914 quoque
699 3841 729 3891 et
750 3827 838 3892 Fabii
861 3831 999 3894 exercitu
1022 3832 1162 3893 fuerant:
1186 3838 1218 3890 et

84 3932 225 3997 militibus
247 3952 352 3997 etrum
374 3935 546 4018 legionum,
569 3954 634 3997 oum
651 3929 691 4013 Q.
710 3928 820 3995 Cassio
835 3930 977 4017 Longino
999 3941 1219 4018 propraetore

85 4034 257 4101 ulteriorem
273 4033 451 4119 llispaniam
474 4036 629 4100 obtinente
650 4057 710 4099 uua
733 4057 799 4098 cum
821 4037 992 4100 uernaculis
1023 4036 1216 4108 meruissent,

86 4138 312 4205 uernacularum
328 4139 481 4222 legionum
496 4141 606 4204 milite-s
621 4139 685 4203 uoti
701 4149 799 4203 erant.

162 4240 285 4305 Eodem
307 4242 406 4326 capite
427 4242 497 4307 inde
520 4244 585 4325 a§.
602 4242 622 4305 5
639 4242 714 4304 haec
728 4241 887 4323 leguntur:
915 4238 1097 4303 ‘Praeterito
1117 4238 1219 4303 noctis

91 4349 217 4429 tempore
232 4344 423 4428 eruptionem
446 4347 483 4409 ad
498 4345 648 4429 legionem
666 4341 708 4409 Vl
723 4346 880 4420 fecerunt,
903 4364 970 4405 cum
992 4343 1025 4404 in
1048 4360 1139 4423 opere
1162 4360 1218 4407 uo-

94 4446 141 4509 sni
159 4448 287 4511 distenti
309 4460 433 4527 essent,
463 4449 634 4531 acriterque
655 4468 789 4532 pugnare
811 4455 993 4529 coeperunt:
1019 4464 1145 4527 quorum
1168 4444 1217 4505 ais

96 4564 222 4631 repressa
242 4572 263 4615 o
283 4552 416 4627 uostris,
448 4551 507 4616 etsi
529 4550 667 4635 oppidani
688 4552 845 4636 superiore
867 4549 935 4612 loco
963 4544 1212 4611 defendebantur.

99 4640 206 4717 llicum
220 4655 412 4738 eruptionem
427 4656 527 4721 faeere
542 4653 732 4738 coepissent,
755 4664 855 4717 tamen
879 4650 992 4717 uirtute
1013 4644 1144 4713 militurn
1161 4662 1218 4706 uo·
