2646 5124
532 568 773 639 srtsrotatt
1210 570 1276 641 m

94 745 211 827 husqne
218 739 373 807 Brundisii
389 742 420 807 in
436 763 531 808 naues
545 744 705 828 impositis,
714 754 748 808 nt
762 754 828 808 crat
838 752 1029 828 praeceptum
1040 738 1215 818 acassam,

94 857 238 931 qnantum
261 845 381 909 nauium
405 846 574 912 lecultmem
598 847 744 925 hahebat,
769 867 863 913 naues
885 845 976 910 saluit
999 848 1176 930 paulumque
1198 866 1217 909 a

93 959 182 1034 portu
198 967 375 1033 progressus
391 949 508 1014 litteras
523 944 683 1015 aCaesare
698 950 817 1033 accipit,
829 947 934 1031 quihus
946 948 1217 1013 estcerliorlaetus

94 1061 197 1136 portus
214 1051 360 1131 litoraque
376 1051 476 1114 amnia
490 1051 638 1116 classihns
651 1053 894 1118 aduersariorum
909 1049 1016 1114 teneri.

56 1167 72 1217 t
489 1175 612 1220 snsvos
627 1176 818 1220 nnvaurssvas.

180 1259 227 1335 (ο.
243 1254 300 1338 48)
320 1253 412 1319 Caes.
423 1257 453 1320 d.
468 1259 531 1321 cin.
548 1257 614 1336 111,
623 1256 726 1337 25,4ι
752 1252 869 1321 Caesar
883 1252 1076 1319 Brundisium
1091 1252 1130 1316 ad
1144 1272 1215 1317 sans

94 1357 234 1421 seuerius
249 1357 388 1441 scripsit,
406 1359 487 1427 nacti
503 1360 641 1424 idoneum
658 1371 779 1424 uentum
796 1380 835 1422 ne
850 1358 1037 1422 occasionem
1053 1353 1216 1438 nauigaudi

93 1460 297 1537 dimitterent,
319 1460 346 1522 si
367 1461 416 1523 nel
436 1461 474 1524 ad
488 1461 579 1526 litora
594 1461 830 1548 Apolloniatium
844 1481 965 1526 emaum
981 1458 1216 1542 dirigerentque

93 1582 130 1628 ea
145 1580 239 1626 naues
256 1562 355 1626 eicere
371 1575 505 1646 possent.

37 1674 69 1729 lit
516 1689 554 1729 sn
569 1689 604 1730 ιι.
621 1687 787 1731 nnraurvrs.

178 1768 224 1847 (n.
240 1764 296 1848 48)
317 1765 384 1831 Cic.
402 1768 525 1833 adAtt.
539 1770 605 1849 XI,
615 1767 648 1847 7,
658 1769 699 1835 2:
723 1766 773 1831 Ad
787 1787 835 1830 me
851 1767 932 1830 misit
944 1764 1097 1829 Antonius
1112 1783 1216 1828 esem·

93 1870 170 1952 plum
187 1864 330 1932 Caesaris
345 1870 382 1934 ad
398 1891 431 1935 se
447 1871 627 1949 litterarum,
637 1871 669 1934 in
684 1870 791 1954 quihus
806 1880 874 1933 erat
890 1889 924 1933 se
939 1867 1059 1932 audisse
1067 1860 1216 1931 Catonem

93 1981 123 2034 et
146 1967 183 2032 L.
200 1969 358 2035 hletellum
380 1973 410 2035 in
426 1970 544 2037 ltaliam
568 1974 708 2050 uenisse,
726 1970 843 2036 Romae
865 1982 899 2035 ut
920 1981 1024 2036 essent
1043 1969 1159 2052 palam:
1184 1967 1215 2031 id

91 2072 148 2136 sihi
164 2094 224 2136 non
241 2073 378 2156 placere,
395 2095 433 2136 ne
448 2076 498 2156 qui
513 2086 612 2140 motas
627 2097 669 2139 ex
683 2095 720 2139 eo
735 2076 860 2151 herent,
886 2071 1094 2159 prohiherique
1110 2089 1214 2132 omnes

36 2186 68 2239 st
89 2171 197 2253 ltalia,
225 2175 282 2237 nisi
299 2194 423 2255 quorum
439 2175 503 2257 ipse
519 2195 642 2240 causam
658 2177 874 2260 cognouisset3
891 2175 986 2256 deque
1001 2194 1038 2237 eo
1053 2174 1215 2238 uehemen-

89 2279 148 2341 tius
164 2287 231 2340 erat
245 2277 400 2359 scriptum.

176 2379 224 2459 (a.
241 2376 298 2458 47)
316 2375 383 2440 Cic.
402 2375 485 2439 Phil.
502 2377 550 2454 ll,
567 2374 622 2454 40,
634 2374 713 2442 1032
738 2375 887 2442 Varronis
902 2371 1077 2440 Casinatem
1092 2374 1214 2445 landum

91 2479 158 2561 quis
174 2479 294 2543 uenisse
310 2478 484 2559 dicationis
501 2477 613 2542 hastam
630 2480 717 2544 istius
735 2477 916 2543 uenditianis
928 2475 1097 2560 uidithuis
1109 2496 1215 2540 uocem

92 2582 251 2665 praeconis
265 2580 402 2645 audiuit?
424 2578 550 2645 Misisse
566 2580 640 2645 dicis
655 2580 891 2655 Alexandriam,
908 2580 959 2663 qni
974 2590 1089 2643 emeret
1102 2600 1121 2643 a
1136 2572 1215 2643 Cae-

31 2693 67 2748 2⁰
89 2704 171 2748 aare.
195 2681 294 2768 Ipsum
311 2683 389 2747 enim
405 2695 569 2767 expectare
585 2704 723 2768 magnum
740 2685 811 2749 lnitt
839 2678 916 2762 Quis
931 2700 1005 2745 uero
1020 2680 1136 2744 audiuit
1151 2700 1215 2743 um·

90 2807 183 2868 quam
194 2787 318 2866 (nullius
334 2796 435 2849 antem
449 2785 532 2850 salus
547 2796 639 2850 cura'e
655 2786 788 2871 plurihns
804 2784 872 2872 luit)
880 2786 917 2849 de
928 2781 1056 2877 fortunis
1064 2780 1214 2847 Varronis

90 2907 154 2950 rem
175 2887 263 2949 ullam
287 2908 356 2951 esse
372 2888 557 2952 detractaml
579 2884 681 2970 Quid?
702 2889 730 2953 si
745 2888 834 2952 etiam
850 2885 973 2970 scripsit
986 2886 1023 2949 ad
1039 2895 1069 2949 te
1084 2879 1210 2960 Caesar,

89 2999 123 3052 ut
137 2989 291 3062 redderes,
309 2990 378 3072 quid
393 2990 467 3052 satis
483 3000 580 3074 potest
595 2991 654 3055 dici
670 2990 706 3054 de
722 2999 805 3054 tanta
820 2987 1027 3073 impudentia?

427 3113 465 3153 aa
480 3115 510 3164 ο.
527 3113 685 3156 sarsum
700 3112 868 3157 τοιοιοιιιι.

30 3204 65 3258 tt
172 3194 217 3275 (a.
234 3190 292 3274 48)
311 3190 403 3256 Caes.
422 3191 453 3256 d.
470 3195 533 3256 aiu.
551 3193 617 3271 111,
633 3192 738 3272 57,1=
763 3192 848 3257 llaec
863 3212 929 3255 anm
945 3190 976 3253 in
991 3190 1108 3253 Achaia
1122 3198 1213 3271 atque

87 3296 165 3379 apud
180 3292 401 3380 Dyrrhachium
423 3306 620 3380 gererentur,
638 3291 870 3380 Scipionemque
886 3293 918 3358 in
931 3290 1144 3357 Macedoniam
1159 3310 1213 3355 ua·

87 3399 170 3461 nisse
186 3407 358 3472 constaret,
377 3418 437 3460 uon
453 3396 561 3460 ahlitus
577 3397 695 3479 pristini
709 3396 840 3461 instituti
855 3390 972 3459 Caesar
986 3394 1078 3458 mittit
1091 3393 1129 3457 ad
1144 3412 1211 3456 eum

85 3499 132 3563 Α.
151 3495 308 3578 Clodium,
331 3521 415 3563 suum
432 3509 521 3582 atque
535 3498 616 3563 illius
632 3499 826 3576 familiarem,
850 3518 937 3581 quem
952 3496 990 3561 ah
1004 3495 1056 3559 illo
1070 3495 1210 3558 uaditum

85 3602 172 3664 initio
192 3612 224 3664 et
245 3603 482 3665 commendatum
503 3603 536 3665 in
558 3621 680 3665 suarum
703 3602 943 3665 necessariorum
958 3618 1084 3664 numero
1100 3597 1210 3661 hahere

28 3712 63 3766 tt
84 3703 267 3767 instituerat.
296 3701 375 3766 lluic
391 3702 440 3766 dat
454 3702 572 3767 litteras
586 3704 786 3785 mndataqne
800 3703 837 3766 ad
852 3721 932 3767 eum.

193 3858 209 3908 d
224 3859 367 3923 Appianas
375 3896 383 3922 ‚
395 3863 542 3923 postquam
554 3861 644 3923 ipsum
659 3857 802 3909 Caesarem
816 3856 993 3909 Brundisium
1006 3856 1077 3907 ciam
1090 3858 1209 3906 traicere

81 3931 196 3997 flustra
208 3940 335 3984 canatum
347 3951 405 3985 assa
415 3938 560 3998 narrauit,
574 3937 641 3986 hasa
653 3936 753 3985 aarihit
764 3936 789 3985 h.
802 3937 858 3986 eiu.
872 3934 907 3997 11,
924 3936 970 3986 58:
986 3930 1015 3982 ‘0
1028 3928 1051 3983 d
1065 3928 1153 3983 οὐκέτι
1164 3926 1210 3994 λη’-

87 4008 185 4058 naahas
195 4003 533 4076 ποοσδοιιῶνΠοοτοῦμιον
544 4004 604 4062 isa?
619 4008 716 4062 iactari
724 4007 872 4076 προσέταξε
883 4003 1042 4059 discissioni
1049 4023 1079 4057 ss
1087 4010 1132 4057 sat
1139 4001 1209 4071 φρά-

88 4104 133 4136 aas
144 4086 263 4152 manto
283 4085 331 4138 τὸν
347 4087 461 4158 στρατὸν
479 4085 560 4141 εὐθὺς
579 4083 653 4155 ἄγειν
670 4083 716 4138 διὰ
727 4082 880 4149 dulcianus·
896 4078 967 4134 ivt'
982 4078 1102 4152 ἆπειθῇ,
1121 4079 1207 4131 ταῦτα

84 4158 265 4230 προστάττειν
273 4159 403 4230 Ἀντωνίῳ
416 4164 552 4228 salsulam
565 4161 635 4227 μετὰ
646 4159 694 4213 τὸν
703 4158 847 4218 ’Λντώνιον
858 4153 985 4221 Καληνῷ.
1009 4148 1048 4205 Es'
1058 4150 1085 4205 δ’
1100 4147 1130 4205 os‘
1138 4154 1209 4223 spuit

84 4235 238 4299 ἀποκνοῖεν,
247 4235 373 4305 ἐπιστολὴ
384 4237 513 4307 πρὸστὸν
524 4235 640 4306 στρατόν
650 4233 733 4287 αὐτὸν
744 4231 890 4302 ἐγέγραπτο
900 4228 1031 4296 mundo
1038 4226 1207 4298 βουλόμενον

84 4313 173 4367 αὐτοῖν
188 4312 232 4367 s'nl
250 4314 297 4367 sals
308 4315 371 4371 vnis
383 4313 499 4367 ’ἕπεσθαι
511 4313 549 4378 τῷ
560 4312 725 4378 Ποστουμίῳ
737 4315 782 4361 sal
793 4310 931 4378 καταίρειν
944 4305 1110 4374 ἀναχθέντας
1121 4303 1148 4362 a's
1159 4325 1209 4373 χω·

82 4394 142 4460 (οἱον
154 4389 180 4447 a's
192 4387 208 4445 'a'
220 4412 248 4445 ss
260 4390 275 4443 ὁ
289 4387 388 4459 ἄνεμος
400 4389 497 4463 ἐκφέρῃ
509 4385 596 4457 μηδὲν
607 4388 662 4441 τῶν
673 4388 741 4440 νεῶν
753 4383 945 4457 φειδομένους·
960 4383 992 4439 aa'r
1005 4384 1056 4458 γὰρ
1067 4387 1136 4440 venir
1147 4380 1209 4457 pppi-

83 4471 139 4533 ζειν
150 4472 286 4542 Kaiaapn,
300 4467 365 4523 atta
380 4464 494 4539 ἀνδρῶν.
615 4469 647 4521 18
659 4469 702 4534 qui
712 4472 804 4534 prirno
818 4469 877 4520 ioca
891 4465 1052 4518 Vaticanus.
1163 4478 1209 4512 ue·

83 4549 153 4601 nisss
166 4550 235 4600 dicet
248 4547 410 4612 Vaticanus,
423 4548 538 4600 aenilsse
552 4544 617 4596 dicit
628 4547 720 4595 catari.
826 4545 857 4598 ld
869 4544 974 4597 misisse
988 4543 1148 4605 Vaticanus,
1162 4537 1208 4590 mi·

83 4628 151 4680 sisso
163 4635 190 4679 ta
203 4631 297 4679 astari.
403 4626 437 4684 22
450 4626 517 4693 qnod
530 4624 694 4677 Vaticanus.
783 4670 789 4680 ,
