2646 5124
552 592 801 663 ORATIONES
1233 592 1298 661 ⁷⁴9

113 801 157 865 ιη
142 766 325 857 δυνάμει
346 770 403 838 sol
423 782 494 846 sote
509 766 627 845 inlota
640 766 773 854 πρῶτος
787 768 840 851 εἴη
854 763 1010 851 μᾶλλον,
1032 760 1239 854 α’σχοληθεὶς

113 873 273 957 alpetrus,
295 872 380 958 πρὸς
394 868 476 959 ὅπερ
491 868 515 959 ἦ
528 872 626 959 φύσις
638 865 802 956 ὑφηγεῖτο
817 870 878 953 τῆς
892 872 930 935 ἐν
943 893 987 955 τῳ
974 867 1111 954 λέγειν
1127 864 1240 936 datad-

112 1002 213 1100 sqsop
227 973 295 1042 sind
316 979 499 1061 στρατειῶν
514 977 571 1045 sol
586 966 822 1049 nolsssiuffis'
801 994 1063 1061 prorsusqouao
1079 969 1143 1055 τήν
1158 968 1239 1059 ἠγε-

117 1078 258 1168 μονίαν,
276 1075 337 1146 osis
352 1077 506 1165 taratara
508 1103 553 1154 oc·

79 1198 96 1247 5
204 1173 800 1266 Frontop.181ed.llom.sCaesari
822 1177 992 1241 facultatem
1016 1134 1133 1240 dicendi
1155 1178 1241 1242 uideo

114 1285 337 1372 imperatoriam
353 1284 458 1348 luisse.

359 1408 391 1451 su
407 1408 458 1450 cu.
475 1406 645 1449 consecrans
660 1405 850 1449 nonsaauemr
867 1394 910 1455 (a.
929 1383 996 1462 77).

205 1489 335 1554 Suetoa.
356 1487 447 1554 Caes.
463 1487 501 1550 4:
534 1483 711 1570 Composita
726 1485 874 1549 seditione
889 1487 971 1550 ciuili
987 1482 1163 1551 Cornelium
1179 1484 1243 1550 Do-

116 1590 276 1668 labellam,
294 1590 481 1655 consularem
496 1601 529 1654 et
543 1588 748 1673 triumphalem
766 1589 875 1664 uirum,
894 1590 1122 1674 repetundarum
1138 1601 1243 1673 postu-

67 1706 94 1758 to
118 1695 193 1759 lauit
208 1693 404 1776 absolutoque
418 1691 556 1757 ilbodum
572 1693 715 1756 secedere
731 1692 847 1753 statuit.

203 1796 325 1869 Areon.
343 1799 375 1859 ia
390 1794 504 1861 Seour.
522 1819 559 1881 p.
577 1794 620 1859 26
635 1796 743 1860 Bata:
776 1793 824 1858 Ne
848 1795 924 1858 torte
947 1796 1055 1859 erretis
1071 1804 1103 1859 et
1117 1795 1243 1859 eundem

116 1898 195 1963 bunc
212 1896 271 1963 Cn.
289 1896 475 1963 Dolabellam
492 1897 601 1984 putetis
616 1917 705 1976 esse,
722 1897 752 1960 in
769 1919 855 1980 quem
872 1894 910 1962 C.
930 1893 1072 1962 Caesaris
1089 1900 1243 1963 orationes

115 2002 225 2085 legitis.

204 2103 279 2167 Tae.
297 2102 336 2167 de
352 2113 437 2167 orat.
456 2100 519 2166 34:
542 2100 751 2166 Nonodecimo
773 2103 880 2166 aetatis
897 2125 975 2166 anuo
991 2102 1030 2166 L.
1051 2100 1184 2168 Crassus
1201 2099 1239 2166 C.

67 2215 94 2267 ts
116 2202 300 2282 Carbonem,
319 2228 379 2269 uno
395 2216 427 2269 et
441 2205 583 2269 uicesimo
599 2202 924 2282 CaesarDolabellam,
942 2206 1036 2268 altero
1053 2217 1083 2269 et
1097 2206 1241 2268 uicesimo

115 2303 247 2371 Asinius
262 2306 362 2371 Pollio
378 2305 417 2372 C.
429 2304 588 2383 Catonem,
604 2328 666 2371 non
682 2309 807 2371 multum
823 2317 921 2371 aetate
938 2308 1119 2370 antecedens
1128 2303 1242 2369 Caluus

117 2407 275 2473 Vatinium
290 2409 329 2472 iis
344 2408 529 2475 orationibus
543 2409 669 2474 insecuti
686 2420 767 2488 sunt,
785 2430 858 2496 quas
874 2409 961 2471 bodie
977 2429 1092 2490 quoque
1109 2429 1174 2470 cum
1191 2407 1242 2470 ad-

117 2509 278 2575 miratione
292 2512 433 2596 legimus.

194 2610 450 2689 ,Saetoacaee
467 2613 527 2680 552
560 2612 666 2681 Genua
688 2614 875 2698 eloquentiae
897 2614 1043 2676 duntaxat
1067 2612 1241 2676 adolescens

67 2723 93 2777 a)
115 2713 212 2778 adbuc
222 2711 381 2783 Strabonis
390 2714 533 2783 Caesaris
549 2729 672 2783 secutus
687 2719 824 2795 uidetur3
835 2717 919 2781 cuius
935 2716 1024 2779 etiam
1040 2716 1241 2793 exoratione,

117 2838 193 2899 quae
208 2818 381 2883 inscribitur
395 2840 449 2904 pro
462 2816 584 2900 Sardis,
601 2821 639 2885 ad
655 2821 777 2884 uerbum
794 2820 936 2883 nonnulla
952 2818 1104 2883 transtulit
1119 2818 1151 2882 in
1166 2818 1243 2882 diui-

118 2919 270 2983 nationem
286 2941 380 2985 suam.

205 3020 284 3087 Vol.
299 3023 396 3089 blaa.
417 3025 525 3104 VIII,
542 3023 576 3104 9,
595 3022 634 3089 32
657 3023 755 3091 Diuus
771 3047 885 3110 quoque
901 3024 993 3090 lulius
1010 3027 1068 3091 uim
1085 3025 1242 3090 facundiae

116 3124 235 3208 proprie
263 3129 416 3210 expressit
439 3128 564 3192 dicendo
588 3128 619 3191 in
641 3131 831 3193 accusatione
855 3124 914 3192 Cn.
937 3127 1129 3204 Dolabellae,
1154 3149 1242 3208 quem

67 3239 91 3291 ts
115 3248 198 3292 reum
216 3228 295 3313 egit,
314 3229 499 3312 {extorqueri
515 3230 572 3293 sibi
589 3250 707 3295 eausam
725 3232 864 3314 optimam
880 3228 918 3291 L.
939 3224 1048 3290 Cottae
1064 3228 1241 3311 patrocinio,

115 3330 260 3413 siquidem
277 3333 409 3396 maxima
427 3344 498 3396 tune
516 3378 524 3395 .
544 3377 552 3394 .
571 3332 760 3415 eloquentiae
777 3341 883 3414 questa
899 3339 954 3392 est.

226 3519 235 3569 1
250 3515 353 3585 μᾶλλον
366 3520 530 3586 Steptanus,
544 3517 647 3587 μᾶλλον
660 3517 712 3572 ἀλλ’
729 3521 806 3572 codd.
949 3518 963 3568 ὓ
977 3522 1050 3567 inter
1063 3519 1203 3583 imperator
1217 3521 1244 3565 et

114 3595 199 3647 fuisse
219 3597 331 3649 litterae
350 3602 380 3648 tn
400 3599 492 3649 eodr'rs
503 3600 585 3651 ualde
598 3601 760 3651 obscuratae
772 3602 855 3648 sunt:
869 3598 1052 3663 imperatorum
1065 3595 1173 3657 Maius,
1195 3592 1245 3643 sed

111 3673 233 3736 drsbr'tat,
242 3690 279 3723 aa
292 3676 486 3741 imperatorium
497 3676 586 3743 legere
599 3678 730 3727 debuerit.
826 3675 840 3726 7
853 3675 899 3737 Cs.
910 3674 985 3723 etat.
997 3673 1075 3724 Caes.
1085 3675 1110 3725 l.
1122 3670 1149 3723 V
1148 3671 1195 3722 att.
1204 3672 1242 3736 11,

113 3752 157 3815 43,
172 3752 198 3803 3.
215 3753 270 3803 cn.
287 3754 367 3803 Brut.
383 3755 427 3817 92,
440 3755 501 3806 att.
611 3756 628 3806 8
641 3756 769 3806 seditione
784 3754 868 3820 ciuili]
883 3757 917 3804 ab
930 3754 1034 3819 Lepido
1049 3760 1134 3806 mota.

113 3829 130 3879 9
142 3827 288 3879 Dolabella
301 3831 399 3880 consul
402 3834 467 3896 suit
479 3847 506 3881 a.
520 3833 548 3882 et
564 3867 571 3894 ,
586 3832 773 3896 triumphauit
785 3848 821 3881 aa:
833 3832 1006 3883 Macedonia.
1118 3834 1150 3886 12
1164 3834 1242 3902 bunc]

112 3909 269 3969 praetorem
284 3923 311 3956 a.
324 3909 368 3958 et.
385 3910 431 3974 ίζῙ.
445 3911 544 3960 Asooa.
559 3909 596 3959 ud
610 3909 719 3961 Cornel.
731 3926 761 3975 p.
777 3911 819 3962 73.
958 3912 1067 3963 Caesari
1080 3930 1185 3963 sorores
1199 3914 1242 3964 ed.

114 3983 256 4046 prlaeeps.
362 3987 392 4037 ts
406 4004 456 4037 uno
470 3995 498 4038 et
510 3987 646 4053 uicesimo]
662 3992 744 4039 immo
758 3993 840 4039 tertio
855 3995 881 4037 et
894 3993 1033 4039 us'eess'rno.
1140 3988 1245 4037 ldmul·

117 4065 171 4108 turn
180 4058 333 4124 Les’slensa's,
343 4064 424 4114 multo
436 4066 497 4116 edd.
616 4066 645 4116 ll
655 4068 731 4118 bodie
742 4082 842 4131 quoque
855 4063 1243 4128 Ler‘rlensr‘sVattoarrus18b2,

116 4151 171 4185 nors
186 4137 324 4203 hodieque.
427 4142 459 4194 at
468 4144 581 4209 proprie,
596 4147 629 4190 ut
640 4144 806 4201 Perr'sonius,
822 4158 880 4190 oum
896 4141 1015 4206 propriae
1027 4140 1161 4203 ederetur,
1176 4146 1244 4192 scri·

116 4214 231 4264 bendum
245 4215 456 4282 demonstrauit,
470 4234 563 4269 omnes
576 4215 653 4265 aaut.
671 4218 767 4268 Caroli
778 4216 912 4278 tentasse,-
929 4219 979 4279 qus'
990 4215 1023 4264 de
1035 4216 1086 4265 doe
1099 4215 1158 4268 loeo
1171 4234 1188 4268 a
1201 4235 1243 4270 rae

114 4292 331 4343 consultassent
339 4298 432 4359 coptos
443 4295 558 4358 benigne
567 4307 669 4341 muctam
679 4293 902 4342 oomrnrarsteaur't.
1007 4292 1041 4342 25
1049 4292 1079 4343 C.
1090 4292 1182 4347 Cottae
1192 4297 1245 4349 Vu-

114 4367 184 4418 lers'o
196 4370 370 4421 scribendum
376 4371 470 4436 juisse
482 4371 642 4420 Perizonius
654 4370 769 4417 sanauit.
876 4368 908 4419 25
919 4368 1045 4434 siquidem
1059 4374 1168 4424 maxima
1181 4382 1243 4425 tuna

116 4445 284 4511 eloquentiae
292 4456 392 4513 questa
406 4454 448 4498 est
457 4462 549 4511 para.
564 4444 666 4495 codirr's
674 4445 753 4495 Petri
759 4446 894 4511 Danielis,
909 4452 1027 4501 ornatum
1041 4455 1244 4518 opts'mr'5siqui-

115 4525 172 4574 deas
186 4526 300 4575 naalma
311 4532 374 4577 tunc
388 4526 539 4591 eloquentia
553 4532 646 4589 questu
660 4531 701 4574 est
712 4541 765 4574 see.
775 4542 811 4575 rra.
826 4529 942 4578 circadam
957 4536 982 4578 et
996 4536 1082 4581 artari
1095 4533 1165 4579 boat.
1176 4531 1245 4581 Puto

105 4603 219 4665 Jurm:
232 4603 369 4668 ,siquidem
387 4604 501 4653 maxims
519 4608 580 4651 tuno
593 4601 742 4666 eloquentia
755 4604 807 4654 uim
820 4605 985 4672 eloquentiae
998 4615 1091 4673 questa
1104 4613 1153 4655 est.
1168 4605 1244 4659 Ilara-

109 4685 199 4748 pfium
212 4699 299 4750 neque
313 4683 411 4734 lacuna
426 4697 512 4747 nepteo
524 4682 796 4748 sententiasugerat.
