2646 5124
492 594 580 608 .-
632 557 675 626 ιη
719 598 804 613 -.

106 729 179 793 eodd.
194 727 341 802 ιιιιιιιὶιιιιιΙ
350 727 449 794 abest.
472 725 536 795 Sed
544 749 583 795 ne
596 731 647 798 illa
662 732 780 817 quidem
794 736 888 801 uerba
905 740 947 805 ‘id
963 761 1002 806 ue
1018 752 1079 807 tom
1091 746 1222 828 quidem’

35 824 38 891 ἶ
102 832 135 896 ita
147 833 178 896 in
193 832 282 896 codd.
299 832 415 918 scripta
436 830 533 897 sunt(
564 831 601 899 ln
623 835 823 902 deterioribus
838 840 917 904 enim
933 852 981 905 eat
1006 844 1054 908 ‘id
1077 866 1116 910 ne
1137 861 1221 914 metu

99 936 225 1020 quiden',
243 936 277 999 in
291 936 423 1020 integris
441 942 487 999 ‘ot
501 956 540 1001 ue
555 948 637 1001 metu
652 938 791 1023 quidem',
808 941 840 1004 in
857 939 957 1006 flauo.
976 965 1020 1029 pr.
1037 941 1142 1011 Oxou.
1157 948 1220 1016 Vr·

97 1039 143 1102 sia.
163 1049 216 1102 ‘ut
231 1044 325 1102 n'emo
340 1046 413 1102 tuuc
428 1039 576 1122 quidem',
593 1039 729 1127 idemque
745 1041 776 1103 iu
791 1042 916 1129 reliquis
931 1045 996 1108 eius
1011 1048 1142 1114 familiae
1156 1050 1219 1138 legi

95 1141 238 1225 probabile
262 1151 324 1205 eat.
371 1139 425 1205 Ex
448 1141 494 1205 bis
518 1142 605 1206 codd.
637 1142 774 1226 uestigiis
803 1154 886 1207 recte
909 1141 1091 1213 ciacconius
1119 1153 1219 1217 effecit

96 1241 174 1307 ‘llam
198 1254 235 1308 ot
257 1252 446 1321 commutato
469 1244 597 1308 consilio
617 1244 677 1308 iter
697 1245 729 1307 in
751 1247 935 1328 prouinciam
952 1262 1144 1316 conuerteret
1163 1263 1218 1334 (ut

93 1362 249 1411 remonon
265 1354 331 1408 tum
346 1346 467 1430 quidem
481 1346 655 1429 necessario
670 1348 841 1412 laciendum
851 1349 1072 1434 existimabat),
1089 1374 1156 1420 cum
1172 1357 1218 1420 iu·

92 1449 167 1513 lania
189 1482 235 1498 ⁴-
251 1447 459 1533 inpediebat,
485 1458 549 1512 torn
564 1449 716 1523 maxime,
741 1451 820 1530 quod
835 1486 876 1497 -—
892 1450 1038 1515 timebat’.
1070 1453 1171 1519 Vnum
1185 1458 1218 1526 iu

91 1550 126 1616 lis
140 1551 398 1636 praetermissum
413 1561 481 1629 est,
505 1551 582 1633 quod
600 1549 801 1636 Elberlingiua
821 1564 905 1617 recte
925 1555 1155 1634 animaduertit,
1180 1558 1219 1622 ob

91 1654 200 1718 uerbum
220 1651 432 1738 ‘impediebat'
446 1653 636 1718 scribendum
651 1655 744 1718 luisse
766 1665 848 1718 ‘nanu
864 1676 903 1719 ne
918 1668 1101 1722 commutato
1116 1661 1218 1724 cousi·

89 1755 129 1819 io‘
143 1767 231 1834 eeu„
249 1756 367 1838 idque,
384 1776 452 1818 oum
467 1755 524 1820 bae
538 1756 614 1821 duae
630 1757 794 1843 particulae
809 1778 933 1843 saepen
949 1760 1082 1823 librariis
1097 1781 1217 1844 permu-

90 1868 197 1936 tentur,
222 1857 392 1941 corrigere
414 1879 475 1921 uon
491 1858 635 1923 dubitaui.
682 1859 763 1924 Tota
778 1861 896 1944 quidem
912 1857 1068 1926 Ciaocouii
1082 1863 1161 1927 ratio
1178 1884 1215 1928 ea

89 1960 222 2025 leeausa
238 1961 321 2025 reici
336 1976 400 2023 non
416 1959 553 2038 debebat,
570 1961 663 2025 multo
678 1963 777 2026 minus
792 1959 957 2027 Dauisiana
972 1965 1136 2048 praeferri,
1163 1965 1215 2048 qni

88 2075 194 2129 retenta
210 2063 369 2149 particula
386 2062 486 2145 ‘quod’
500 2063 602 2128 uerbis
626 2071 710 2128 ‘cum
725 2064 863 2129 iulanie'
878 2086 895 2130 a
911 2062 1066 2149 Stephano
1081 2067 1214 2150 interpo-

89 2166 156 2243 sita,
177 2167 288 2231 eadem
309 2164 460 2230 orationis
475 2166 570 2230 forma
585 2176 673 2249 atque
689 2164 860 2251 Stephanus
876 2168 997 2251 scripsit
1021 2169 1069 2232 ‘id
1091 2169 1213 2232 minime

90 2278 147 2331 tun
160 2269 282 2351 quidem
295 2268 475 2332 necessario
491 2267 656 2333 laciendum
672 2268 887 2334 existimabat'.
919 2266 1006 2350 Quae
1021 2266 1214 2353 quodeit-

91 2369 146 2434 tius
158 2371 297 2435 detracto
320 2370 388 2434 ‘id’
411 2371 587 2454 pronomine
601 2371 738 2455 proxime
760 2374 798 2437 sd
820 2373 950 2456 optimos
965 2372 1052 2435 codd.
1069 2371 1214 2435 accedere

91 2472 240 2556 glorium,
258 2473 411 2538 neminem
428 2472 607 2536 crediturum
622 2471 768 2537 arbitror:
787 2474 852 2549 sed,
869 2472 1060 2557 quantumuis
1075 2472 1211 2548 accedat,

90 2577 235 2641 tentantia
249 2575 441 2660 ineptissima
457 2586 516 2640 est.
541 2572 601 2656 Qui
616 2576 696 2640 euim
711 2577 855 2640 conuenit
870 2597 950 2655 eum,
968 2577 1018 2659 qui
1033 2574 1144 2658 aliquid
1158 2574 1214 2639 mi·

89 2680 159 2743 sime
173 2678 357 2743 necessario
369 2677 535 2741 laciendum
550 2678 718 2758 existimat,
736 2679 800 2743 eius
813 2681 985 2743 sententiae
1000 2680 1078 2742 bano
1093 2696 1212 2740 oausam

89 2801 211 2865 ponere,
237 2780 337 2864 quod,
355 2781 525 2863 quominus
540 2782 571 2846 id
587 2781 696 2854 faeiat,
720 2781 896 2863 quibusdam
911 2780 1002 2845 rebus
1016 2779 1214 2864 impediaturl

88 2882 159 2949 Nam
173 2895 209 2948 ut
224 2883 337 2966 aliquis
353 2884 385 2947 iu
399 2883 449 2948 illa
463 2884 616 2949 sententia
630 2903 698 2949 ease
717 2883 830 2967 possit,
855 2883 981 2973 liberam
996 2903 1063 2947 eum
1079 2892 1212 2967 potesta·

88 2996 140 3052 tem
153 2987 271 3051 babere
286 2996 426 3071 oportet,
443 2997 543 3050 utrum
559 2987 660 3051 lacere
674 2984 760 3062 uelit,
778 3006 817 3048 au
833 2986 918 3049 nolit.
949 2983 1007 3049 llla
1030 3005 1105 3049 uero
1120 3004 1213 3049 causa

87 3090 124 3153 ita
136 3101 224 3154 reete
240 3088 426 3167 adiceretur,
447 3089 473 3153 ai
489 3084 606 3153 Caesar
621 3109 686 3153 eam
701 3108 784 3165 rem,
801 3087 837 3150 de
852 3109 910 3170 qua
924 3087 1089 3171 agebatur,
1106 3106 1213 3150 neees-

87 3192 162 3257 san'o
177 3213 246 3256 uon
261 3190 428 3256 faciendam
449 3190 666 3255 existimasset
712 3187 827 3253 Eodem
851 3191 974 3254 nomine
994 3209 1030 3252 ea
1051 3188 1215 3272 repreben-

86 3295 177 3360 deuda
192 3314 267 3358 esse
281 3303 418 3378 apparet,
435 3313 511 3376 quae
526 3303 596 3359 aute
610 3289 856 3374 Oudendorpium
871 3292 995 3376 uulgata
1010 3309 1079 3354 esse
1094 3288 1169 3352 dixi.

169 3393 342 3480 Oppidum,
366 3395 446 3478 quod
460 3417 487 3459 c.
506 3392 560 3474 58,
582 3392 651 3458 2et
665 3391 687 3456 o
703 3402 735 3457 et
749 3414 777 3471 c.
795 3389 850 3470 60,
868 3390 1214 3468 1.eoormemoratur‚in

86 3499 266 3564 editionibus
291 3493 489 3582 Scaligeraua
507 3497 724 3580 antiquioribus
755 3506 786 3560 et
809 3496 840 3559 in
861 3493 1080 3559 recentioribus
1105 3491 1212 3558 iudea

85 3598 214 3665 banaio
245 3585 454 3664 blelodunum¹
473 3600 649 3685 appellatur.
694 3597 798 3664 Primo
828 3599 896 3662 loco
920 3592 1150 3680 Oudendorpius
1179 3597 1211 3660 iu

86 3700 189 3768 llxou.
207 3703 269 3786 legi
285 3701 330 3765 ait
347 3699 569 3767 ‘Metiosedum’
591 3701 742 3784 (idemque
757 3712 804 3766 eat
818 3702 849 3764 in
864 3700 938 3767 Par.
956 3706 1049 3784 seo),
1071 3700 1102 3764 iu
1118 3697 1209 3763 Laid.

84 3826 128 3890 pr.
147 3803 350 3869 ‘bleodonum
365 3804 492 3882 sedum',
508 3805 541 3868 in
555 3803 678 3886 reliquis
693 3804 757 3868 suis
773 3804 858 3868 codd.
887 3801 1125 3881 ‘Mellodunum
1142 3797 1212 3865 tte-

84 3907 241 3985 ledunum,
257 3903 445 3970 bliladuaom
460 3906 560 3984 oett.',
584 3927 710 3990 quorum
727 3907 852 3991 primum
868 3906 1012 3990 scriptum
1029 3916 1076 3969 est
1091 3906 1121 3967 in
1136 3900 1210 3967 Par.

85 4030 129 4094 pr.
146 4008 245 4073 Voss.
263 4028 311 4092 pr.
327 4029 346 4072 a
360 4030 400 4071 m.
417 4029 481 4073 seo.
499 4006 602 4073 ilaus.
620 4030 687 4094 pr.,
714 4006 953 4072 ‘Melleduuum’
976 4009 1008 4071 in
1024 4005 1116 4072 Voss.
1135 4024 1178 4086 pr.
1195 4022 1213 4064 a

85 4134 124 4175 ι.
140 4134 210 4197 pr.,
231 4108 450 4174 ‘bielliduuum‘
465 4111 498 4175 iu
511 4108 603 4196 Egm.
635 4111 742 4175 Altero
758 4121 789 4174 et
811 4111 900 4175 tertio
922 4110 990 4173 loco
1014 4103 1212 4172 ‘Metiosedo'

87 4225 132 4279 est
143 4215 177 4278 in
193 4211 334 4277 omnibus
348 4212 537 4297 interpolatis
562 4223 593 4278 et
613 4214 705 4278 tertio
728 4213 818 4277 etiam
833 4213 865 4276 in
883 4209 980 4296 bouq.
999 4232 1065 4295 pr.=
1090 4209 1123 4271 iu
1137 4204 1212 4271 Par.

87 4335 131 4399 pr.
148 4317 197 4382 bia
211 4315 288 4379 loeis
302 4315 444 4401 seriptum
461 4328 511 4386 est
525 4313 715 4381 ‘Medodoue
724 4314 745 4394 ‘‚
769 4312 999 4396 Oudendorpius
1014 4311 1130 4394 aliquot
1143 4325 1216 4371 suos

89 4416 196 4484 babere
212 4419 310 4485 refert
326 4415 512 4484 ‘Melodone’
526 4430 560 4485 et
574 4415 780 4482 ‘bledodoue'.
807 4414 869 4481 lam
885 4435 952 4478 oum
967 4413 1014 4477 bis
1029 4411 1125 4476 tribus
1141 4408 1216 4472 loeis

92 4542 176 4586 uuum
200 4523 340 4604 idemque
361 4522 499 4607 oppidum
521 4520 750 4586 commemorari
764 4528 926 4603 appareat,
950 4537 979 4578 o.
1002 4513 1062 4588 58,
1079 4511 1218 4573 2autem

94 4644 155 4687 ιιιιιι
168 4625 300 4708 integris
315 4624 402 4690 codd.
416 4623 520 4690 flauo.
538 4645 585 4710 pr.
602 4635 652 4703 et,
677 4634 710 4687 ut
725 4622 857 4696 uidetur,
882 4615 966 4683 Seal.
985 4625 1017 4678 et
1032 4609 1141 4677 Cuiao.
1156 4652 1165 4685 ,
1182 4606 1220 4671 de

120 4722 259 4781 cumo
274 4723 383 4784 troppau.
988 4715 1009 4777 7
