2646 5124
420 658 561 731 COblbl.
579 658 627 728 lll
641 658 737 727 CAP.
754 658 907 727 stt-et.
1233 664 1296 734 dll

113 841 191 908 sidio
206 839 406 926 disposuerat.
431 832 582 901 Dextrum
600 856 694 899 cornu
706 832 769 898 eius
782 832 865 898 nnus
875 832 991 916 quidam
1006 833 1154 920 impeditis
1166 836 1239 923 ripis
1254 839 1275 904 a

113 942 286 1022 muniebat3
303 963 391 1027 quam
407 940 445 1004 ob
461 961 581 1004 causam
596 948 738 1002 cunctum
753 936 935 1020 equitatum,
953 936 1127 1022 sagittarios
1144 941 1240 1005 londi-

114 1058 257 1130 toresque
272 1065 377 1109 omues
392 1043 516 1107 sinistro
531 1062 626 1105 corno
641 1040 805 1119 obiecerat.
835 1033 953 1102 Caesar
967 1040 1104 1124 superius
1119 1042 1238 1111 institu-
1248 1045 1296 1117 89

116 1159 181 1213 tum
196 1168 321 1212 seruans
336 1157 364 1210 x
378 1146 527 1230 legionem
542 1145 574 1209 in
591 1146 699 1208 dextro
715 1162 822 1218 cornu,
836 1161 944 1205 nouam
961 1141 992 1205 in
1008 1143 1131 1209 sinistro
1147 1146 1240 1212 collo-

80 1266 98 1314 a
122 1261 255 1331 cauerat,
272 1247 392 1314 tametsi
408 1258 475 1312 erat
487 1246 706 1334 Dyrrhachinis
721 1243 842 1330 proeliis
858 1243 1053 1310 uehementer
1067 1247 1240 1330 adtenuata,

118 1366 150 1419 et
168 1355 237 1419 huic
252 1352 298 1418 sie
314 1351 454 1416 adiunxit
469 1360 625 1428 octauam,
648 1359 681 1412 ut
695 1367 790 1433 paene
806 1368 894 1410 unam
911 1367 951 1409 ex
967 1347 1080 1413 duabus
1096 1351 1240 1432 alliceret,

117 1469 208 1541 atque
219 1457 344 1520 alteram
355 1453 442 1519 elteri
453 1451 604 1539 praesidio
616 1470 686 1515 esse
695 1451 837 1514 iusserat.
863 1445 1014 1515 Cohortes
1027 1451 1058 1515 iu
1068 1452 1132 1517 acie
1144 1464 1240 1519 lxxv
1254 1455 1276 1520 2

118 1559 299 1623 constitutas
318 1554 465 1635 habebat,
486 1575 563 1638 quac
585 1573 700 1619 summa
724 1562 789 1616 erat
809 1551 921 1615 milium
943 1563 1037 1633 xx113
1062 1555 1203 1621 cohortes
1219 1568 1241 1620 tt

121 1661 232 1726 castris
247 1658 395 1746 praesidio
409 1657 583 1740 reliquerat.
607 1652 749 1740 ,Sinistro
765 1653 1060 1757 carnotenorum,
1078 1658 1186 1723 dextro
1200 1657 1239 1724 P.

67 1760 259 1840 resultem,
289 1760 385 1826 media
415 1760 480 1824 acie
502 1753 562 1822 Cu.
587 1752 752 1821 Domitium
782 1769 1006 1841 praeposuerat.
1044 1757 1113 1844 lpse
1135 1774 1241 1828 contra

119 1862 294 1950 Pompeium
310 1862 454 1928 constitit.
487 1857 584 1926 Simul
598 1860 644 1925 his
659 1860 751 1925 rebus
766 1858 1004 1941 animaduersis,
1028 1883 1102 1946 quas
1118 1864 1242 1931 demon·
1256 1866 1277 1931 3

120 1967 300 2047 strauimus,
327 1965 455 2044 fimens,
479 1984 551 2028 nea
567 1962 754 2028 multitudiue
771 1963 902 2047 equitum
918 1962 1056 2027 dextrum
1073 1987 1168 2031 eoruu
1183 1969 1242 2033 cir·

122 2069 366 2147 conueniretur,
393 2066 535 2132 celeriter
557 2086 597 2130 cx
621 2067 710 2131 tertia
725 2066 791 2130 acie
806 2065 941 2150 singulas
956 2067 1096 2133 cohortes
1111 2069 1245 2136 detraxit

122 2181 211 2254 atque
235 2191 277 2235 ex
291 2170 339 2234 his
355 2180 491 2254 quartam
507 2168 637 2233 instituit
652 2168 854 2253 equitatuique
870 2170 1007 2252 opposuit
1021 2179 1070 2248 et,
1094 2172 1163 2255 quid
1179 2175 1244 2239 lieri

67 2284 98 2336 tt
120 2272 233 2349 uellet,
250 2270 381 2337 ostendit
394 2275 567 2356 monuitque
583 2272 648 2336 eius
664 2271 724 2335 diei
739 2271 893 2335 uictoriam
911 2270 941 2333 io
957 2291 1060 2335 earum
1075 2273 1242 2341 cohortium

120 2375 236 2440 uirtute
258 2385 410 2440 constare.
441 2371 537 2440 Simul
557 2375 666 2439 tertiae
686 2373 761 2437 aciei
779 2374 894 2456 totique
909 2373 1058 2438 exercitui
1072 2375 1242 2460 imperauit,
1258 2379 1280 2443 4

121 2496 163 2541 oe
177 2477 295 2541 iniussu
311 2498 367 2542 suo
382 2487 593 2542 concurreret:
611 2497 657 2556 se,
675 2498 741 2540 curn
757 2476 787 2541 id
803 2476 867 2539 lieri
883 2475 985 2555 uellet,
998 2477 1112 2540 uexillo
1127 2478 1245 2562 siguum

124 2579 277 2644 daturum.
307 2576 485 2646 Exercitum
506 2602 574 2644 cum
594 2578 716 2644 militari
739 2586 828 2643 more
838 2579 875 2643 ud
891 2600 1018 2664 pugnam
1035 2580 1245 2648 cohortaretur
1253 2584 1302 2655 bt)

121 2702 236 2766 suaque
250 2683 283 2746 iu
297 2702 364 2748 eum
380 2684 514 2770 perpetui
530 2683 673 2769 temporis
688 2683 783 2748 officia
798 2682 997 2768 praedicaret,
1013 2683 1150 2769 inprimis
1164 2706 1245 2750 com-

67 2795 100 2849 ao
123 2786 319 2851 memorauita
345 2784 492 2851 Testibus
508 2808 542 2851 se
559 2787 701 2851 militibus
716 2787 760 2851 uti
775 2807 882 2872 posse,
900 2797 1011 2870 quamo
1027 2786 1126 2851 studio
1142 2789 1283 2872 pacem2

124 2887 266 2973 petisset3
279 2896 357 2974 quaa
371 2909 427 2973 per
434 2886 591 2955 Vatinium
607 2890 639 2954 in
654 2879 821 2974 colloquiis,
833 2910 908 2977 quac
923 2890 1095 2976 perAulum
1106 2886 1245 2957 Clodium

124 3011 192 3054 cum
201 2984 341 3078 Scipione
356 2991 481 3077 egisset,
498 2991 605 3076 quibus
620 2993 716 3058 modis
731 2994 767 3058 ad
780 2987 904 3057 Oricum
920 3015 986 3058 cum
996 2991 1115 3059 Libone
1130 2996 1167 3060 dc
1179 2997 1246 3061 mit-

123 3092 223 3158 tendis
237 3093 346 3180 legatis
362 3095 579 3161 contendisset.
609 3094 721 3181 Neque
736 3119 770 3162 se
786 3118 920 3182 umquam
937 3097 1017 3161 abuti
1034 3099 1159 3161 militum
1175 3099 1282 3165 sau-3

123 3194 216 3281 goiue
230 3216 330 3280 oeque
344 3197 556 3282 rempublicam
573 3200 718 3264 alterutro
734 3199 870 3264 exercitu
880 3201 999 3283 priuare
1011 3197 1155 3262 uoluisse.
1181 3198 1283 3265 ilaei

67 3308 100 3364 tt
124 3294 377 3364 habite'orationc
391 3302 625 3386 exposcentibus
637 3302 780 3367 militibus
792 3313 821 3366 ct
833 3301 932 3365 studio
944 3320 1060 3384 pugnae
1073 3300 1247 3365 ardentibus

124 3400 196 3469 tuba
210 3403 328 3488 signum
344 3402 435 3467 dedit.
459 3401 539 3468 Erat
553 3400 715 3469 Crastinus
731 3413 874 3468 euocatus
889 3403 920 3466 iu
938 3402 1074 3468 exercitu
1088 3398 1244 3483 Caesaris,
1261 3403 1302 3473 91

126 3505 176 3591 qui
192 3505 347 3590 superiore
363 3528 443 3571 anno
459 3507 534 3592 apud
551 3529 618 3572 eum
634 3507 760 3593 primum
776 3506 866 3589 pilum
884 3504 914 3567 iu
930 3503 1049 3589 legione
1063 3516 1089 3568 x
1104 3504 1246 3585 duxerat,

127 3606 180 3671 uir
200 3607 343 3694 singulari
369 3610 492 3674 uirtute.
531 3609 588 3674 llic
611 3611 698 3695 signo
720 3611 808 3687 dato,
835 3604 1015 3692 ‘Sequimini
1038 3607 1114 3687 me',
1139 3607 1247 3692 inquit,

130 3708 342 3796 ‘manipulares
363 3713 422 3777 mei
444 3714 493 3796 qui
515 3713 633 3793 inistis,
658 3724 688 3777 et
710 3722 812 3777 nestro
834 3710 1007 3796 imperatori
1035 3732 1121 3794 quam
1138 3714 1249 3777 cousti-

69 3822 105 3875 ³⁰
127 3813 230 3876 tuistis
252 3835 372 3898 operam
388 3815 467 3878 date.
513 3813 614 3882 Vnum
631 3816 687 3880 hoc
702 3816 847 3899 proelium
863 3825 1018 3898 superest3
1037 3836 1096 3898 quo
1113 3816 1286 3882 conlecto2

128 3923 161 3978 et
174 3914 225 3980 ille
240 3936 326 3981 suam
341 3918 517 4002 dignitatem
533 3929 564 3983 et
578 3940 633 3985 nos
649 3930 784 3984 nostram
799 3919 967 3983 libertatern
983 3917 1248 4003 recuperabimus',

238 4129 254 4182 3
267 4131 374 4185 sinistro
388 4137 463 4201 obe,
477 4137 504 4187 io
517 4137 624 4189 sinistro
638 4152 666 4188 u.
841 4137 856 4187 l
870 4135 973 4201 nouam]
988 4152 1037 4187 nou
1053 4136 1102 4187 iam
1115 4153 1142 4187 u.

128 4207 144 4259 b
157 4214 216 4259 erat
228 4234 264 4247 -
276 4216 411 4263 attenuata
425 4229 439 4262 c
451 4212 509 4263 cod.
525 4212 588 4263 Vra.
604 4213 619 4264 3
633 4213 711 4277 actu,
726 4218 801 4262 eraut
814 4239 847 4248 -
861 4218 1036 4264 attenuatueu
1046 4214 1122 4265 ‘oir‘r'’
1135 4216 1203 4279 (adt.
1212 4219 1252 4284 a).

237 4286 391 4356 Dyrraciuis
404 4307 431 4343 o.
537 4291 552 4342 b
567 4298 594 4341 et
606 4292 666 4342 huic
679 4307 696 4342 u
709 4290 816 4355 reliqui,
833 4290 891 4340 huic
905 4289 950 4341 da
964 4290 1032 4341 dett.
1162 4295 1253 4347 adiuu-

127 4363 180 4430 xit]
193 4365 224 4415 ad
239 4367 290 4417 ab.
415 4383 481 4435 pene
494 4381 521 4417 a.
644 4367 659 4418 7
673 4382 741 4419 cxxv
754 4382 770 4417 o
782 4365 928 4416 secondum
940 4367 1143 4432 Achututre'um,
1158 4387 1225 4423 cxxx
1237 4389 1254 4424 a

126 4445 276 4497 secundum
288 4445 445 4513 Beyerltum
459 4451 487 4497 et
498 4445 558 4497 edd.
573 4446 603 4497 P.
620 4445 678 4497 ¹54.
796 4445 879 4497 bruil.
893 4459 921 4494 u.
1046 4446 1076 4497 ld
1090 4445 1188 4514 Syllam
1202 4449 1254 4515 (o).

240 4519 737 4588 (lu.Domitium-(13)seieom.o.
863 4522 1045 4574 liiuiussob.
1154 4521 1185 4573 19
1198 4534 1256 4586 per-

127 4604 276 4664 petuumo.
381 4599 573 4665 inprimis(o).
691 4599 721 4652 21
738 4598 831 4649 Aulum
844 4614 870 4663 o,
884 4599 915 4649 Α.
932 4615 959 4649 o.
1083 4594 1255 4661 Clodium(o)

128 4674 300 4742 Stephanos,
314 4675 451 4728 Claudium
466 4677 541 4729 ‘orsa
555 4674 665 4727 omoes’.
798 4676 832 4729 23
847 4690 965 4743 umquam
978 4691 1004 4739 o,
1019 4690 1072 4726 oon
1086 4689 1146 4740 uoq.

127 4750 309 4818 28iuquida.

1020 4831 1084 4897 39*
