2646 5124
510 41 569 87 tum
588 26 643 85 luri
662 30 802 101 (namque
821 31 879 80 tuta
899 20 1052 101 ,irgyptus

510 128 631 191 Pelusia
656 126 733 184 mint
758 124 896 183 ‹tamn-i>-
921 124 1032 183 munita
1059 146 1066 181 t

510 230 677 293 rumdatum
704 224 795 307 capiis
819 224 972 306 mutiplici
998 245 1073 307 prae.

509 343 539 393 et
569 328 722 411 copiarum
753 327 978 409 magnitudine,
1009 348 1077 409 quae

507 430 685 505 subiciebat,
705 438 734 489 et
750 429 976 512 perseuerantia
993 438 1077 491 eanst

508 534 682 619 adgressus,
694 530 725 593 in
741 552 827 593 snam
843 532 960 617 redegit
976 541 1085 617 potesta

472 636 492 701 3
508 636 629 701 locauit.
662 632 735 696 inde
758 654 791 695 re
814 632 891 697 bene
907 645 993 719 gesta
1009 632 1087 697 Alex

509 758 673 821 omnesque.
689 758 741 799 eas
758 738 909 820 regiones,
923 760 975 821 per
991 758 1064 820 quas
1080 736 1088 799 i

509 842 682 927 plerumque
705 841 788 903 adest
813 841 939 917 uiatori,
965 850 1087 923 pararat

450 946 493 1016 27
509 945 645 1029 degerat.
682 940 785 1007 Locus
809 954 856 1005 est
879 946 941 1005 tere
964 944 1100 1025 reginum

509 1050 598 1133 longe
614 1046 652 1111 ab
668 1046 875 1121 Alexandrea,
892 1046 940 1127 qui
958 1046 1105 1109 nominata

472 1152 612 1215 2tndiue
634 1150 753 1213 litterae
775 1150 907 1232 aceepit:
934 1170 1001 1210 nam
1028 1170 1096 1231 pars

506 1254 587 1316 inter
608 1274 641 1315 se
664 1252 777 1313 duobus
801 1249 959 1314 itineribus
983 1250 1113 1333 pardalin

470 1353 643 1437 diinquens
666 1354 873 1416 diuersissime
898 1353 935 1414 ad
958 1353 1028 1416 ditus
1051 1354 1117 1418 inte¹

504 1456 571 1519 loeo
593 1477 658 1518 eum
680 1455 919 1541 adpropinquare
935 1453 1121 1519 Mithridater

504 1558 571 1623 dum
597 1558 623 1621 ei
647 1558 755 1623 dumea
771 1558 883 1635 sciret,
902 1580 1025 1641 magnas
1042 1562 1121 1624 adue}

505 1662 555 1728 uel
577 1662 713 1749 superari
738 1662 890 1745 delerique
906 1659 1105 1727 Mithridaten

468 1768 489 1830 4
505 1766 655 1831 credebat.
683 1763 935 1847 Quemadmodum
952 1775 1049 1829 autem
1067 1777 1121 1850 opt

470 1870 490 1933 5
505 1870 555 1933 bat
579 1870 774 1935 intere-tusum
798 1891 815 1931 a
831 1866 965 1934 Caesare
981 1892 998 1933 a
1015 1892 1047 1934 se
1064 1869 1119 1931 reti

504 1992 571 2035 taen
588 1994 604 2034 a
621 1972 710 2036 Delta
728 1972 857 2035 transire
874 1984 902 2035 et
919 1970 1087 2036 Mithridati
1104 1994 1121 2034 ο

503 2076 719 2136 commiserunt
743 2074 920 2136 festinantes
946 2077 1115 2159 praeripere

464 2168 653 2236 (ieietatem.
710 2170 845 2253 Quorum
878 2176 1019 2256 impetum
1049 2174 1121 2237 Min:

612 2277 621 2326 i
638 2276 675 2324 tta
690 2278 733 2340 qui
748 2278 784 2326 Μ.
798 2278 941 2339 Iluuptlnr.
960 2281 1045 2341 itanu·
1061 2281 1121 2327 inula

612 2354 777 2400 arnis-amu.
887 2368 978 2402 5=1:.1.·.
1011 2395 1015 2404 .

503 2432 653 2493 N.i¹';.'i1¹'tl>
669 2448 683 2473 ι’

502 2518 695 2563 ¹·t¹¹¹¹t1mn,.·....
