2646 5124
491 594 815 659 ...229-

81 770 230 832 ulteriore
238 764 390 848 Hispania
404 765 583 847 potitusdiei
591 778 704 849 posset,
722 780 810 831 antea
826 769 1034 835 declarandum
1050 787 1128 853 erat,
1147 780 1217 859 quid

86 882 242 955 praeterea
261 867 399 931 fecisset.
426 863 562 949 lienique
578 880 648 931 autc
665 871 756 933 uerba
774 879 844 952 ‘quo
856 872 972 936 lucilius
982 877 1130 957 prmesidia
1147 900 1220 941 cou-

89 982 136 1037 tra
148 979 344 1057 compararet
359 966 530 1053 Pompeius’
545 982 680 1054 apertum
704 983 751 1034 est
766 972 830 1035 eius
845 975 889 1036 rei
906 980 1218 1043 commemorationem

92 1075 264 1147 desiderari,
290 1082 399 1135 eontra
416 1094 503 1155 quarn
520 1074 667 1156 praesidia
683 1096 701 1137 a
717 1072 859 1155 Pompeio
876 1090 1046 1159 comparata
1061 1081 1132 1143 sint.
1172 1082 1217 1146 lbi

93 1178 175 1263 'gitur
189 1176 370 1239 ostenderat
386 1186 492 1238 arrctor
507 1170 670 1239 Caesarem
687 1176 712 1239 F
714 1177 810 1239 obium
821 1175 990 1240 bloximum
1006 1180 1084 1261 etQ.
1095 1180 1217 1247 Pedium

94 1280 198 1363 legatos
214 1300 286 1341 curn
302 1278 444 1342 exercitu
460 1278 595 1341 misisset
614 1289 645 1341 et
660 1281 697 1341 ad
713 1301 747 1341 ea
766 1280 856 1342 uerba
874 1281 1128 1364 etiamsnperiora
1141 1286 1220 1349 ‘dum

95 1378 200 1447 Caesar
215 1380 396 1445 muneribus
412 1379 516 1442 dandis
532 1381 561 1442 in
576 1377 664 1443 ltalia
686 1382 848 1443 detinetur'
871 1384 1052 1464 pertinuisse
1069 1387 1219 1451 uidentur.

168 1482 283 1547 Eiusd.
301 1504 331 1545 e.
350 1482 380 1564 §-
398 1480 431 1559 d,
449 1481 501 1543 ubi
516 1482 588 1545 baec
603 1483 745 1565 leguntur
762 1484 798 1545 de
814 1479 873 1545 Cu.
892 1482 1055 1567 Pompeio:
1081 1494 1141 1549 ‘ex
1157 1488 1221 1570 qui·

93 1584 142 1649 bns
155 1588 181 1649 si
196 1608 257 1668 qna
272 1584 383 1669 oppida
400 1584 430 1647 ui
446 1596 578 1668 ceperat,
603 1606 670 1649 cum
685 1585 793 1667 aliquis
809 1606 850 1648 ex
867 1606 903 1648 ea
919 1586 1040 1649 ciuitate
1056 1589 1167 1671 optime
1182 1592 1219 1654 de

95 1684 152 1751 Ca.
168 1684 313 1771 Pompeio
328 1688 457 1751 meritus
473 1686 547 1749 ciuis
563 1698 663 1762 esset,
687 1698 808 1770 propter
824 1688 970 1771 pecuniae
985 1690 1220 1773 magnitudinem

92 1791 191 1873 aliqua
206 1791 235 1853 ci
250 1790 437 1854 inferebatur
451 1810 553 1865 causa,
571 1800 606 1852 nt
620 1812 656 1852 co
673 1791 710 1852 de
726 1791 822 1853 medio
838 1791 955 1853 sublato
972 1812 1009 1854 ex
1019 1792 1220 1874 eiuspecunia

90 1893 239 1957 latronum
255 1893 376 1977 largitio
391 1893 501 1969 licret’,
517 1904 600 1955 recte
615 1893 827 1955 animaduertit
843 1890 1071 1979 Oudendorpius
1089 1896 1218 1958 incredi-

89 1996 147 2061 bile
161 2016 233 2060 esse
249 2006 333 2059 unta
349 1990 410 2057 Cu.
428 1992 599 2077 Pompeium
617 1995 707 2059 luisse
724 1995 882 2071 dementia,
901 2008 934 2059 nt
947 2008 999 2060 aut
1014 2000 1050 2059 de
1066 2018 1100 2061 se
1115 2008 1167 2060 aut
1182 1998 1220 2060 de

89 2110 174 2183 patre
203 2120 261 2161 suo
291 2099 401 2181 optime
424 2099 547 2161 meritos
570 2098 805 2161 circumueniret
828 2108 859 2159 et
880 2098 1074 2162 interliceret.
1113 2096 1221 2180 ltaque

90 2201 223 2283 ‘optime
241 2200 279 2262 de
293 2196 333 2261 C.
344 2197 475 2265 Caesare
490 2201 626 2263 meritus'
641 2199 829 2262 scribendum
846 2220 914 2261 esse
929 2200 1068 2261 contult.
1094 2200 1221 2262 Athene

90 2303 133 2365 dc
157 2298 200 2363 C.
219 2296 356 2365 Caesare
376 2303 469 2366 metiti
493 2303 611 2366 auctori
633 2302 755 2363 omnino
779 2302 888 2384 optime
911 2302 1008 2363 meriti
1025 2302 1220 2363 uidebanturc

91 2406 148 2469 illa
168 2405 220 2467 ‘de
236 2399 297 2466 Cn.
313 2400 459 2487 Pompeio’
474 2427 493 2467 a
508 2404 653 2488 magistro
667 2404 782 2466 adiecta
799 2415 880 2481 sunt,
904 2404 953 2485 epui
971 2403 1044 2466 baec
1061 2402 1153 2465 uerba
1169 2424 1223 2465 ex-

92 2508 210 2593 plicnre
225 2516 350 2569 conatus
365 2508 490 2591 turpiter
505 2509 630 2571 errauit.

177 2608 304 2673 Initium
312 2608 422 2675 efisic
438 2611 598 2674 edebatur:
619 2606 663 2671 ‘ld
680 2630 745 2671 cum
761 2609 1017 2671 animaduerteret
1032 2605 1226 2669 aduersarios

94 2715 217 2778 minim
231 2713 321 2787 nelle,
338 2734 415 2796 quos
429 2713 498 2775 ideo
512 2736 532 2777 a
547 2714 597 2776 uia
613 2722 797 2789 retraxerat,
816 2723 849 2775 ut
864 2713 895 2773 iu
911 2731 1037 2793 aequum
1053 2708 1224 2784 deduceret,

96 2818 190 2901 copiis
203 2818 313 2880 llumen
329 2816 477 2880 traductis
491 2826 582 2879 noctu
596 2816 676 2878 iubet
692 2816 777 2897 ignes
794 2816 859 2878 lieri
876 2833 1020 2899 magnos:
1047 2812 1101 2887 ita,
1121 2809 1227 2873 tirmis·

95 2921 199 2985 sinrnnr
214 2921 280 2985 eius
297 2919 466 2995 castellum,
484 2916 632 3000 Ateguam
643 2918 863 3001 proticiscitnr’.
890 2916 948 2980 llic
963 2936 1030 2978 cum
1047 2912 1120 2975 nibil
1135 2932 1225 2995 supra

98 3035 177 3089 esset
192 3024 411 3109 significatum,
428 3042 446 3082 a
461 3021 511 3083 uia
526 3021 718 3084 aduersarios
733 3016 895 3083 uCaesare
909 3028 1057 3082 retractos
1073 3034 1152 3091 csse,
1175 3014 1228 3077 sed

97 3148 123 3190 c.
137 3127 158 3192 d
173 3128 306 3192 relatum
321 3121 487 3188 Caesarem
504 3120 674 3188 Cordubam
690 3124 855 3205 prolectum
872 3144 907 3185 ea
923 3143 957 3183 re
973 3117 1033 3184 Cn.
1054 3114 1225 3199 Pompeium

98 3232 245 3317 coepisse,
264 3239 297 3291 ut
306 3227 397 3293 Vliae
410 3225 659 3312 oppugnationem
676 3226 839 3287 dimitteret
853 3236 884 3286 et
898 3224 962 3307 ipse
977 3242 1095 3304 quoquc
1110 3216 1228 3281 Cordu-

97 3332 159 3397 bam
174 3334 240 3397 iter
255 3334 385 3409 laceret,
402 3341 486 3393 recte
501 3326 682 3393 Ciacconius
700 3328 749 3390 ‘ab
758 3324 826 3388 l'lia
842 3324 1024 3389 retraxerat'
1041 3322 1228 3385 scribendum

98 3438 253 3502 indicauit.
279 3432 395 3500 Verum
418 3454 514 3515 ncqnc
536 3432 604 3495 ideo
621 3428 739 3495 Cacsar
753 3428 927 3512 Pompeium
947 3428 984 3489 ab
1000 3424 1071 3489 Vlia
1092 3435 1230 3487 retraxe-

99 3552 155 3617 rat,
175 3550 213 3601 nt
228 3557 296 3600 enm
308 3538 340 3601 in
356 3558 482 3618 aequum
499 3537 672 3611 deduceret,
690 3534 741 3596 sed
759 3543 790 3594 ut
802 3530 898 3594 Vlianr
908 3529 1063 3593 obsidione
1075 3526 1229 3602 liberaret,

100 3662 195 3725 nenne
212 3640 313 3704 ‘ideo’
329 3640 360 3704 in
376 3640 495 3724 optimis
511 3639 597 3701 codd.
614 3638 743 3721 legitur,
762 3635 814 3698 sed
831 3634 987 3716 ‘quoniam
998 3633 1018 3692 ’.
1059 3629 1160 3712 Atupue
1176 3629 1232 3690 boc

101 3744 215 3826 quidem
233 3752 359 3827 recepto
374 3743 472 3806 oratio
489 3742 602 3805 exitum
619 3762 680 3803 non
697 3738 830 3801 inuenit:
849 3747 881 3799 et
895 3733 1052 3818 sequentia
1067 3732 1231 3815 postulunt,

103 3842 270 3911 ntCaesar
285 3844 459 3930 Pompeium
483 3846 584 3909 eadem
606 3843 726 3907 ratione
748 3841 777 3902 in
793 3860 920 3922 aequum
937 3838 1085 3900 deducere
1102 3833 1234 3895 noluisse

105 3949 230 4025 dicatur,
249 3969 310 4030 qua
326 3969 393 4011 eum
409 3948 445 4010 ab
460 3947 532 4013 Vlia
546 3954 731 4010 retraxerat.
758 3941 838 4006 Nam
862 3951 1020 4021 utramque
1035 3958 1098 4001 rcrn
1114 3937 1156 3998 ita
1173 3934 1234 3992 olli-

104 4071 167 4115 ecre
182 4060 315 4115 conatus
330 4062 396 4127 est,
421 4062 454 4114 ut
477 4051 583 4135 oppida
605 4048 733 4132 partium
754 4043 1003 4127 Pompeianarum
1019 4038 1236 4123 aggrederetur

105 4164 190 4236 atque
204 4154 249 4218 ita
267 4174 324 4229 eo,
350 4174 409 4236 quc
425 4154 564 4229 uolebat,
588 4149 763 4232 Pompeium
779 4148 865 4230 sequi
881 4154 1015 4227 cogeret.
1047 4138 1153 4219 ltaque
1170 4154 1238 4195 cum

108 4257 169 4333 ‘ut',
186 4256 270 4339 quod
286 4267 356 4320 ante
372 4257 467 4320 uerba
484 4258 526 4320 ‘in
543 4275 670 4337 aequum
686 4252 856 4314 deduceret'
871 4249 1010 4331 ponitur,
1034 4244 1065 4305 in
1081 4237 1170 4303 lucid.
1190 4254 1237 4317 pr.

108 4368 136 4419 et
148 4356 249 4421 lloru.
267 4360 413 4443 scriptum
429 4382 488 4423 non
504 4361 561 4438 sit,
586 4358 661 4421 baec
677 4355 719 4419 ita
735 4351 949 4417 conformanda
973 4341 1166 4410 existimaui:
1195 4332 1242 4396 ‘ld

109 4482 173 4525 cnm
187 4462 448 4527 animaduerteret
462 4461 657 4526 aduersarios
672 4458 794 4521 minime
808 4452 908 4529 nelle,
926 4471 986 4533 quio
1003 4469 1075 4524 eos,
1093 4436 1243 4526 qu0m⁰tl⁰

107 4565 143 4629 ab
159 4564 230 4631 t'tia
242 4576 440 4643 renuerat,
463 4566 496 4629 in
512 4584 639 4649 aequum
655 4562 833 4634 deduceret,
858 4555 952 4638 copiis
968 4546 1100 4614 llumine'
1126 4542 1184 4623 [ita
1200 4545 1246 4597 esi

108 4670 236 4735 enimin
255 4670 389 4753 quinque
404 4668 492 4733 codd.
509 4664 590 4731 (lud.
609 4675 641 4729 et
659 4661 733 4728 Pur.
751 4662 832 4743 sce]
858 4654 1026 4720 ‘traductis
1049 4653 1140 4712 noctu
1163 4635 1248 4699 iubet
