2646 5124
503 590 809 659 ...15-

91 788 183 834 unum
205 764 253 832 bd.
270 760 439 842 Catonem,
461 762 499 827 de
521 784 580 847 qno
601 784 630 827 c.
646 762 689 829 87
704 783 769 847 sqq.
792 764 859 827 sine
880 763 1068 848 malignitate
1088 764 1220 830 relstnm

91 880 159 948 est,
183 889 289 934 omnes
308 865 508 932 contumeliae
530 865 738 929 conferuntur.
770 864 830 930 llic
844 860 1009 931 Considius
1031 887 1066 931 se
1083 866 1120 932 ad
1137 869 1221 933 sani·

92 985 185 1039 tatem
200 971 321 1058 perduci
337 991 397 1034 non
413 968 536 1054 patitur,
559 977 592 1030 ut
606 963 733 1032 Caesari
755 968 929 1032 aduenienti
945 967 1142 1034 Adrumetum
1159 982 1222 1036 tra·

91 1077 144 1141 det
164 1075 219 1158 (4,
244 1074 296 1157 1)3
321 1069 437 1137 Caesar
457 1071 621 1135 miseratur
641 1079 725 1134 ιιιιιι
747 1070 883 1133 homines
908 1092 977 1135 csse
995 1072 1165 1152 dementia,
1190 1084 1223 1138 ιιι

91 1177 197 1243 malint
218 1177 301 1262 regis
323 1196 392 1240 esse
414 1174 579 1257 uectigales
601 1193 690 1255 quum
714 1193 780 1235 cum
804 1171 919 1236 ciuibus
942 1174 972 1236 in
999 1176 1094 1258 patria
1109 1176 1142 1239 in
1158 1177 1222 1241 suis

92 1279 222 1344 domunis
252 1299 321 1343 esse
349 1277 514 1341 incolumes
534 1273 573 1360 (8
594 1286 676 1339 extr.
702 1277 741 1339 ci.
766 1273 820 1352 57,
843 1274 896 1354 3„
920 1272 1076 1340 Labienus
1095 1278 1222 1342 audacia

91 1383 148 1447 luit
176 1383 395 1457 inflammatus,
426 1379 505 1461 quod
527 1374 692 1443 Caesarem
721 1398 740 1440 a
768 1397 803 1440 se
823 1397 999 1461 oppressum
1021 1379 1059 1443 iri
1079 1378 1223 1462 speratae

92 1483 158 1563 (ts,
176 1481 229 1565 d);
255 1479 374 1548 Caesar
395 1483 533 1565 queritur
550 1482 698 1544 ‘Africam
712 1480 898 1564 prouincism
914 1480 1013 1564 perire
1024 1481 1222 1566 'funditusque

92 1588 189 1652 encrti
205 1587 243 1651 ab
258 1586 323 1650 suis
338 1584 484 1648 inimicisz
508 1584 586 1666 quod
602 1583 659 1646 nisi
675 1582 816 1647 celeriter
829 1583 920 1647 sociis
935 1583 1015 1648 foret
1027 1584 1220 1665 minentem,

92 1700 213 1775 praeter
228 1690 323 1772 ipsam
338 1684 475 1749 Africam
491 1694 602 1747 terram
617 1685 703 1762 nibil,
721 1705 760 1748 ne
774 1694 886 1749 tectum
902 1685 1032 1769 quidem
1048 1688 1087 1751 ab
1100 1688 1223 1754 illornm

93 1791 210 1857 scelere
231 1787 409 1870 insidiisque
429 1786 575 1869 reliquum
591 1788 734 1851 inturnm‘
749 1783 818 1869 (26,
835 1788 888 1868 4)3
912 1788 1011 1864 idem,
1035 1810 1103 1853 cum
1118 1786 1222 1876 Scipio

92 1893 202 1958 castris
218 1891 282 1956 eius
297 1889 583 1974 appropinquasset,
609 1890 682 1955 nibil
704 1911 741 1955 ea
755 1910 790 1954 re
805 1899 961 1954 mouetur:
987 1892 1223 1959 ‘animaduerte-

92 1994 251 2070 batonim,
276 2014 452 2076 quamquam
468 1993 584 2075 maguis
599 2002 703 2057 essent
720 1993 814 2077 copiis
829 1993 997 2057 aduersarii
1013 1995 1094 2074 freti,
1122 2008 1223 2061 temen

93 2116 254 2183 suspense
264 2096 387 2180 iugatis,
406 2095 498 2180 pulsis
514 2096 742 2179 perterritisque
753 2106 785 2159 et
792 2114 967 2159 concessam
974 2097 1066 2160 nitsm
1075 2109 1106 2162 et
1119 2098 1224 2183 ignota

95 2211 230 2288 peecata.
262 2195 380 2279 Quibus
401 2218 443 2263 ex
463 2197 554 2262 rebus
572 2220 732 2281 numquam
749 2209 833 2263 taam
848 2209 1021 2284 suppeteret
1034 2220 1075 2264 cx
1090 2200 1223 2286 ipsoram

94 2304 207 2370 inertia
228 2302 474 2385 conscientiaque
498 2300 590 2366 enimi
604 2302 750 2366 uictoriae
765 2301 889 2379 fiducia,
913 2313 947 2364 ιιι
964 2313 1066 2366 eastra
1081 2324 1137 2367 sna
1152 2304 1224 2368 ado·

93 2408 150 2472 riri
173 2405 329 2471 auderent’
352 2402 429 2488 (31,
453 2402 508 2485 3),
534 2400 643 2468 Vticae
659 2399 777 2468 Caesar
799 2404 883 2468 eines
899 2403 1053 2469 llomanos
1079 2416 1110 2470 et
1130 2428 1223 2491 nego·

95 2512 223 2576 tiatorcs
246 2519 363 2585 etone,
388 2508 439 2589 qni
461 2508 541 2571 inter
559 2517 711 2571 trecentos
727 2509 870 2593 pecunias
886 2508 1077 2573 contulerant
1093 2508 1177 2575 Vero
1193 2520 1225 2574 et

94 2610 249 2698 Scipioni,
274 2611 373 2674 multis
396 2609 498 2674 uerbis
521 2621 645 2674 accusat
660 2621 690 2675 et
705 2612 741 2674 de
756 2610 920 2675 sceleribus
937 2631 1040 2676 eornm
1055 2614 1224 2697 longiorem

95 2718 262 2780 orationem
284 2713 374 2778 babet
388 2709 457 2793 (90,
474 2712 522 2793 2).
554 2711 640 2776 llaec
654 2713 720 2776 sinc
735 2716 892 2781 ambitiose
908 2718 975 2781 siue
991 2717 1137 2782 exanimi
1153 2737 1225 2781 sen·

95 2818 190 2882 tentia
204 2818 316 2900 scripta
332 2828 418 2890 sunt,
439 2836 577 2900 magnam
592 2827 675 2880 certe
690 2817 910 2901 simplicitatem
927 2821 1067 2903 produnt.
1106 2816 1225 2884 Caesar

96 2919 213 3004 quidem
230 2930 261 2982 et
277 2915 395 2980 Hirtius
412 2938 571 2999 numquam
590 2918 664 2981 adeo
680 2920 773 2984 risum
789 2922 939 2986 hominum
955 2933 1220 3007 contempserunt:

97 3042 195 3105 neque
217 3040 236 3084 s
257 3016 444 3084 Caesariano
468 3022 503 3083 de
528 3020 615 3083 initio
631 3021 827 3089 dissensionis
844 3026 940 3090 ciuilis
957 3026 1039 3088 etde
1056 3026 1151 3088 turbis
1167 3022 1224 3089 lli·

96 3122 306 3211 spaniensibus
337 3123 518 3187 moderatius
547 3123 642 3206 potuit
670 3125 761 3189 scribi
790 3149 879 3210 quern
909 3128 945 3191 ab
968 3130 1064 3192 altero
1083 3138 1223 3191 extremo

97 3227 175 3293 libro
205 3237 314 3289 octauo
344 3227 381 3289 de
409 3226 440 3288 b.
472 3222 553 3289 Gall.
588 3237 618 3289 ct
647 3225 678 3290 b.
709 3227 804 3292 Alex.
833 3227 877 3293 48
906 3250 989 3312 seqq.
1024 3230 1132 3292 lectum
1162 3239 1221 3293 est.

98 3327 230 3414 Quodsi
253 3329 419 3392 orationem
442 3338 628 3411 spectamus,
660 3351 720 3392 non
743 3331 840 3395 solum
856 3352 950 3415 genus
967 3332 1118 3396 scribendi
1135 3331 1223 3413 plane

97 3434 196 3507 eliud,
221 3432 385 3496 sedetiam
406 3432 439 3494 in
461 3450 601 3494 sermone
625 3431 718 3494 multe
741 3433 861 3497 diuersa
883 3433 1120 3516 asnperioribus
1137 3433 1224 3498 libris

96 3533 274 3616 reperimus.
314 3530 468 3614 Quaedam
497 3531 615 3614 quidem
637 3532 668 3594 in
698 3533 753 3597 hee
775 3545 860 3618 purte
881 3536 996 3600 librarii
1019 3546 1226 3620 peccauerunt

97 3644 151 3698 aut
172 3634 365 3716 interpretes.
396 3632 478 3697 Nam
506 3633 565 3697 illis
586 3654 674 3697 nemo
696 3634 839 3700 dubitabit
862 3637 934 3702 baec
956 3640 1107 3704 tribuere:
1141 3638 1225 3701 ‘dnm

99 3739 174 3802 bees
197 3736 240 3798 ita
262 3733 377 3797 fierent'
401 3735 476 3817 (25,
502 3734 556 3814 ι),
582 3737 711 3819 ‘iamque
727 3733 844 3802 Caesar
865 3741 934 3803 dnm
959 3742 1127 3805 exercitum
1141 3742 1226 3804 intra

98 3838 280 3904 munitiones
309 3858 380 3900 suas
408 3835 554 3901 reducere
585 3839 744 3922 coepisset'
768 3837 843 3919 (61,
867 3843 923 3925 2),
950 3843 1011 3927 ‘qni
1036 3845 1105 3907 dum
1124 3842 1226 3905 anima

98 3943 231 4007 nondum
253 3940 391 4023 expirata
412 3940 602 4005 concidisset'
623 3941 693 4024 (88,
717 3942 771 4023 4),
795 3947 972 4027 praesertim
997 3966 1063 4010 cum
1084 3966 1121 4009 eo
1142 3946 1223 4023 loco,

99 4066 187 4128 quem
210 4054 377 4108 extremum
399 4043 505 4125 posui,
531 4045 580 4108 uel
594 4054 708 4128 tempus
721 4045 807 4109 uerbi
823 4048 1008 4111 demonstret
1025 4047 1115 4110 ‘enm'
1130 4046 1226 4131 parti·

99 4149 197 4212 culam
220 4166 237 4208 s
256 4145 406 4229 scriptore
432 4137 507 4208 esse¹
521 4145 661 4228 positam.
691 4146 778 4212 Nihil
792 4160 879 4233 eget,
903 4150 929 4213 si
947 4151 1013 4232 quis
1030 4151 1103 4214 baec
1119 4169 1156 4213 co
1172 4149 1227 4212 de-

99 4250 220 4315 fendere
235 4248 409 4326 conabitur,
433 4247 511 4331 quod
528 4248 596 4312 aliis
612 4271 729 4333 qnoque
744 4252 896 4337 particulis
912 4264 1017 4317 contra
1033 4250 1226 4319 consuetudi·

100 4374 168 4419 nem
191 4352 414 4415 coniunctiunm
434 4351 466 4415 in
489 4352 545 4416 boc
568 4352 644 4416 libro
664 4353 836 4417 adiunctum
851 4354 940 4418 dicat.
972 4355 1082 4439 Neque
1098 4355 1178 4417 enim
1194 4374 1226 4419 c.

99 4456 138 4535 4,
162 4454 183 4520 3
205 4455 327 4537 scripsit
341 4466 464 4534 auctor,
487 4465 520 4517 ut
534 4455 649 4533 editur,
675 4463 745 4538 ‘qno
767 4455 944 4542 simulatque
966 4458 1103 4544 captiuus
1118 4476 1228 4542 perue-

101 4561 198 4625 nisset
211 4557 403 4639 litterasque,
427 4566 461 4621 nt
476 4567 542 4621 erat
556 4557 744 4634 mandatum,
769 4555 916 4625 Considio
936 4563 1092 4648 porrigere
1108 4560 1228 4645 coepis-

101 4664 176 4744 set’,
199 4662 252 4726 sed
275 4670 448 4725 uulnerum
464 4669 527 4736 est,
551 4659 630 4743 quod
644 4659 677 4725 in
692 4661 778 4726 codd.
796 4661 908 4746 legitur
924 4665 1116 4748 ‘simulatque
1131 4663 1227 4748 capti·
