2646 5124
438 587 761 655 -217-

111 756 187 827 lade
208 781 227 824 a
251 780 281 823 c.
306 757 350 824 59
371 758 453 823 acies
475 756 626 845 Scipionis
649 774 681 827 et
702 760 846 829 Caesaris
871 766 1074 833 declarantur.
1112 768 1163 837 De

61 866 126 929 iore
146 864 225 927 haec
249 864 283 926 in
306 862 393 927 codd.
410 862 571 946 legunturz
596 862 716 951 ‘Scipio
738 868 794 931 boc
816 871 902 932 modo
922 872 1016 934 aciem
1033 873 1157 937 direxit.

61 966 200 1031 monuit
214 966 250 1029 in
266 968 366 1030 fronte
382 986 454 1029 snas
469 978 501 1031 et
515 964 606 1031 lubae
621 969 767 1051 legiones,
785 983 885 1055 postea
902 984 1001 1036 antem
1009 973 1159 1039 Numidas

61 1070 257 1135 tsnbsidiaria
272 1072 340 1132 acie
354 1068 400 1131 ita
415 1080 595 1133 extenuatos
620 1082 651 1133 et
670 1072 702 1137 in
724 1073 938 1155 longitudinem
954 1077 1102 1155 directos,
1126 1088 1158 1141 ut

61 1172 129 1237 naut
143 1171 278 1254 simplex
294 1191 364 1235 esse
380 1171 463 1235 acics
481 1174 578 1236 media
600 1173 636 1237 ab
656 1175 830 1257 legionariis
851 1175 992 1240 militibus
1008 1179 1159 1243 uideretur

61 1274 233 1339 ncornibns
250 1284 352 1337 autem
369 1274 480 1359 duplex
495 1294 564 1339 esse
578 1278 841 1359 existimabatur):
863 1278 1037 1361 elephantos
1051 1280 1160 1343 dextro

61 1376 212 1460 initlroquc
237 1397 336 1440 cornu
359 1375 560 1441 collocauerat
579 1377 753 1461 aequalibus
769 1381 850 1443 inter
864 1402 918 1443 eos
933 1381 1102 1446 interuallis
1117 1382 1162 1445 iu·

61 1478 181 1557 riccho,
204 1489 276 1563 post
299 1489 401 1542 autem
417 1479 589 1564 elephantos
605 1494 774 1545 armaturas
789 1482 872 1545 leues
887 1480 1094 1563 Numidasque
1109 1503 1162 1546 au·
1296 1518 1299 1523 ·

61 1580 157 1647 iteres
171 1582 398 1646 substituerat'.
424 1582 483 1647 llic
498 1584 623 1667 primum
638 1586 723 1669 posui
743 1593 822 1668 ‘post
832 1594 994 1648 casautem
1001 1582 1161 1647 Numidas'

61 1694 105 1749 ιιι.
138 1684 223 1749 Nam
239 1694 330 1769 ‘post
344 1684 398 1748 ea'
414 1686 450 1747 de
466 1684 532 1748 loco
547 1696 609 1749 tum
626 1687 741 1750 demum
758 1699 841 1752 reete
857 1688 984 1763 dicitur,
1007 1708 1074 1749 eum
1090 1704 1162 1749 nen·

61 1786 519 1875 ttmpronominissuperioribus
529 1788 630 1853 uerbis
639 1791 894 1854 accommodatum
904 1800 962 1854 est.
990 1788 1161 1853 Deindein·

61 1890 197 1957 derabilia
211 1890 381 1955 snuthaec=
402 1890 897 1977 ‘incomibusautemduplexcsse
908 1888 1160 1955 existimabatnr'.

61 2004 131 2059 talea
145 1997 226 2061 enim
242 2017 360 2061 cornua
376 2018 414 2062 ne
429 2007 660 2060 commemorata
675 1996 792 2078 quidem
807 2006 890 2073 sunt,
908 1992 1163 2076 sequentibusan·

61 2114 92 2161 ιι
120 2099 226 2163 uerbis
248 2100 326 2164 nihil
345 2100 493 2164 eiusmodi
514 2101 664 2177 refertur,
689 2098 880 2181 quamobrem
903 2117 1016 2160 cornua
1038 2094 1164 2177 duplicis

61 2198 110 2263 rici
129 2201 262 2283 speciem
284 2202 429 2285 praebere
449 2203 613 2286 potuerint.
645 2200 844 2285 Quamquam,
863 2213 896 2263 nt
910 2210 977 2283 apte
997 2198 1050 2261 illa
1071 2196 1164 2259 uerba

61 2310 320 2385 imponerentur,
342 2306 464 2368 omnino
480 2316 570 2368 antea
585 2306 663 2369 ratio
679 2326 823 2369 cornuum
840 2304 877 2367 iis
893 2312 1097 2365 consentanea
1112 2300 1163 2362 de·

61 2402 146 2469 durari
162 2402 299 2469 debebat.
328 2404 434 2489 ltaque
450 2409 524 2472 haec
539 2410 669 2493 ascripta
684 2418 788 2471 sunta
809 2407 970 2492 magistro,
995 2402 1065 2486 quia
1087 2400 1164 2465 scri·

61 2514 107 2571 lor
118 2508 246 2572 mediam
261 2511 358 2575 aciem
373 2511 539 2594 simplicem
554 2512 649 2575 uisam
665 2533 735 2576 esse
750 2512 881 2575 dixerat.

114 2607 163 2676 De
175 2610 322 2677 Caesaris
340 2615 405 2677 acie
420 2635 496 2695 qnae
511 2612 592 2677 c.60
607 2615 795 2698 legebantur,
813 2614 883 2696 quin
896 2619 1161 2697 complasment,

61 2732 95 2775 ιιι
109 2725 227 2797 poterat
243 2716 365 2781 dubium
381 2716 488 2781 uideri.
515 2714 575 2794 Ea,
592 2728 733 2800 quantum
749 2719 813 2781 lieri
830 2728 961 2801 poterat,
979 2715 1098 2779 codices
1113 2734 1163 2777 se·

61 2826 123 2881 utus
135 2817 181 2881 sic
195 2820 403 2883 coulormani:
430 2818 594 2885 ‘Caesaris
615 2832 714 2884 autem
730 2822 811 2885 acics
828 2821 884 2883 hoc
899 2820 985 2883 modo
1000 2818 1056 2883 luit
1071 2816 1161 2881 collo·

61 2928 112 2997 tta,
136 2932 170 2985 ut
189 2922 230 2985 ab
252 2922 380 2987 sinistro
401 2922 465 2987 cius
488 2945 581 2988 cornu
605 2924 706 2988 ordiar
721 2935 753 2989 et
766 2924 803 2987 ad
818 2926 956 2989 dextrum
972 2922 1158 3009 perticulam.

61 3018 144 3087 tabuit
153 3024 307 3111 legionem
316 3022 362 3105 X,
379 3023 472 3091 t'llll
488 3027 518 3090 in
525 3026 648 3091 sinistro
655 3050 763 3105 cornu,
778 3026 887 3106 XXV,
897 3024 1052 3105 xxvm,
1069 3021 1161 3100 xm,

61 3120 140 3206 illu,
158 3124 334 3208 xXVllll,
351 3126 464 3195 X'XVI
479 3130 510 3194 iu
519 3131 614 3195 media
624 3131 702 3193 acie.
727 3128 762 3192 lu
777 3132 1056 3195 suoaulemdcxtro
1069 3146 1165 3189 cornu

71 3232 208 3295 neruda
239 3232 307 3295 acie
332 3244 539 3297 ueteranorum
561 3232 713 3315 legionum
736 3244 851 3314 partem
874 3231 1042 3295 cohortium
1073 3226 1167 3289 collo-

61 3344 181 3411 tucrat‚
207 3345 364 3419 praeterea
385 3357 426 3399 ex
447 3337 576 3399 tironum
591 3355 701 3420 pancas
717 3334 880 3398 adiecerat.
917 3332 1053 3395 Tertiam
1069 3337 1169 3390 antem

61 3434 134 3501 ciem
156 3438 191 3499 in
213 3437 369 3501 sinistrum
389 3459 474 3502 suum
496 3460 591 3503 cornu
613 3438 781 3501 contulerat
798 3448 829 3501 et
844 3434 988 3518 usquead
1004 3430 1080 3496 aciei
1096 3448 1170 3491 suae

61 3538 169 3603 odiam
195 3539 341 3625 legionem
368 3552 546 3624 porrexerat
575 3552 606 3603 et
627 3542 669 3605 ita
690 3540 914 3616 collocauerat‚
949 3536 992 3601 uti
1015 3534 1169 3599 sinistrum

61 3662 123 3705 ιιιιιι
139 3662 238 3706 cornu
255 3644 367 3728 triplex
382 3646 484 3709 esset’.
524 3644 580 3708 llic
603 3646 681 3728 quod
704 3664 845 3707 numeros
860 3642 1003 3725 quosdam
1019 3638 1168 3723 legionum

61 3746 214 3823 ιιιιιιιιιιιῐ,
232 3748 320 3811 deca
336 3768 370 3811 re
386 3748 485 3811 statim
501 3748 661 3831 separatim
678 3748 793 3810 dicam:
819 3746 935 3829 reliqua
951 3756 1046 3809 utrum
1063 3763 1104 3804 ex
1119 3760 1169 3803 co-

61 3848 135 3913 icum
155 3848 307 3931 scriptura
329 3850 524 3932 probabiliter
543 3852 649 3915 effecta
671 3850 733 3913 sint
755 3870 866 3925 necne,
896 3849 960 3930 ipsa
983 3848 1169 3909 demonstra·

61 3964 132 4033 nut3
157 3962 245 4017 recta
262 3971 330 4016 esse
346 3954 513 4017 ostendam.
542 3950 577 4016 ln
600 3954 663 4039 ipsa
686 3952 750 4015 acie
774 3947 891 4015 Caesar
912 3950 1014 4013 habuit
1036 3956 1105 4010 octo
1127 3943 1171 4007 le-

61 4054 161 4120 iuuesa
200 4075 307 4131 unam,
345 4075 422 4138 qnae
452 4056 557 4138 quinta
587 4055 810 4139 appellabatur,
841 4052 987 4136 equitibus
1019 4046 1171 4134 pracsidio

61 4157 197 4223 nemisit
211 4158 262 4241 (S.
279 4156 333 4241 d).
366 4156 437 4222 lllas
459 4170 527 4222 octo
548 4158 683 4241 legiones
705 4158 736 4220 in
760 4157 885 4220 sinistro
908 4174 1002 4218 cornu
1024 4163 1056 4217 et
1076 4148 1172 4211 media

61 4260 105 4325 cic
133 4260 341 4325 collocauerat
369 4261 478 4346 triplici
507 4261 574 4325 acic
597 4261 761 4324 instructas
791 4259 840 4341 (id
863 4257 941 4341 quod
968 4255 1119 4319 secundae
1142 4259 1174 4313 et

61 4366 149 4429 mitte
178 4362 255 4427 acici
286 4366 531 4430 commemoratio
555 4366 681 4446 docet),
709 4362 795 4426 cuius
824 4361 949 4445 triplicis
972 4358 1047 4421 acici
1064 4378 1093 4440 p.
1113 4351 1173 4416 155

61 4486 120 4529 auc
141 4466 290 4531 rationem
320 4469 417 4533 luisse
439 4468 659 4543 demonstrem,
693 4475 724 4529 ιιι
746 4466 777 4527 in
800 4466 895 4549 prima
917 4462 983 4525 acie
1012 4468 1175 4543 quaternae

61 4568 186 4635 chortes
207 4571 441 4653 uniuscuiusque
463 4571 592 4657 legionis
614 4579 816 4655 ponerentur,
843 4568 875 4629 in
897 4564 1029 4628 secunda
1050 4571 1174 4632 ternae,

61 4671 189 4739 ttertia
214 4672 287 4739 item
310 4686 430 4741 ternae.
467 4671 573 4759 ltaque
594 4695 662 4739 cnm
692 4691 796 4737 omnes
825 4666 963 4750 legiones
992 4664 1024 4728 in
1053 4657 1179 4723 sinhtm
