2646 5124
519 617 836 687 cartura-72.
1235 628 1300 697 7⁰3

110 796 221 863 mado
244 792 385 858 omnibus
407 792 446 855 ad
467 813 540 856 suos
563 813 597 856 se
613 792 738 877 recepit.
770 788 872 875 Scipio
888 790 1004 855 interim
1022 793 1157 879 legiones
1172 800 1277 881 pro-7

110 902 217 965 ductas
239 918 308 961 cun
323 894 511 979 elephantis,
537 915 610 976 quas
625 906 695 958 ante
710 904 812 956 castra
827 894 858 956 iu
872 894 938 958 acie
953 896 1079 961 terroris
1094 900 1193 981 gratia
1209 902 1240 965 in

109 1011 276 1085 conspectu
291 994 435 1062 Caesaris
450 997 674 1072 conlocauerat,
691 998 807 1060 reducit
822 998 854 1059 in
869 1008 979 1061 castra.
1005 994 1122 1063 Cacsar
1136 1012 1241 1067 contra
1255 1004 1296 1075 ’11

110 1101 261 1169 eiusmodi
283 1100 412 1165 hostium
435 1118 548 1182 genera
569 1100 670 1182 copias
685 1120 756 1162 snas
772 1121 832 1162 non
850 1110 882 1162 ut
897 1102 1059 1183 imperator
1073 1106 1239 1169 exercitum

76 1220 92 1271 s
116 1218 294 1271 ueteranu-
311 1204 516 1285 uictoremque
530 1202 670 1265 maximis
685 1202 775 1265 rcbau
790 1202 902 1287 gcstis,
927 1203 979 1265 sed
996 1214 1028 1264 ut
1044 1203 1150 1268 lanista
1166 1208 1240 1271 tiro-

113 1330 170 1375 nes
184 1307 365 1392 gladiatores
380 1306 634 1381 condocelaccrea
659 1325 718 1387 qno
734 1306 806 1387 pede
822 1326 855 1367 se
871 1306 1042 1388 reciperent
1057 1306 1094 1369 ab
1110 1307 1195 1373 lioste
1210 1310 1275 1374 ct‘Z

113 1408 360 1495 quemadmodum
371 1408 492 1471 obuersi
505 1407 688 1469 aduersariis
700 1416 730 1469 et
741 1408 770 1469 iu
783 1407 927 1489 quantulo
939 1410 1036 1489 spatio
1048 1410 1238 1488 resisterent,

113 1513 203 1577 modo
224 1518 441 1595 procurrerent
462 1510 550 1571 modo
571 1509 747 1571 recederent
770 1510 1082 1593 comminarenturqnc
1097 1512 1239 1595 impetum

116 1634 153 1677 ac
175 1634 267 1697 prope
288 1632 347 1695 qno
366 1610 432 1676 loco
455 1621 486 1674 et
509 1610 753 1691 quemadmodum
779 1612 838 1673 tela
854 1612 1027 1687 mitterent,
1053 1614 1236 1698 praecipere.

67 1728 91 1779 ,1
114 1714 248 1779 lllirilice
270 1713 348 1777 enim
371 1712 496 1777 ltostium
520 1712 597 1775 leuis
612 1724 764 1774 armatura
780 1714 905 1775 anxium
922 1715 1088 1777 exercitum
1105 1726 1238 1779 nostrum
1254 1716 1276 1781 3

116 1830 208 1901 atque
221 1816 379 1881 sollicitum
394 1815 540 1885 lubebat,
556 1815 623 1894 qnia
641 1826 669 1875 et
685 1816 799 1895 equites
815 1815 988 1879 deterrebat
1004 1818 1145 1897 proelium
1162 1819 1240 1881 inire

115 1930 238 2005 propter
251 1938 393 2001 equorum
408 1917 576 1989 interitum,
594 1916 670 1998 quod
687 1937 739 1980 eos
754 1918 859 1979 iaculis
875 1918 1083 1995 interficiebat,
1100 1931 1130 1982 et
1147 1920 1241 2003 legio·

115 2023 231 2087 narium
253 2022 376 2085 militem
401 2019 584 2101 defatigabat
607 2028 728 2101 propter
743 2018 950 2081 uelocitatem:
978 2021 1080 2103 grauis
1095 2022 1173 2085 enim
1189 2022 1275 2085 αι’-1

116 2135 250 2190 naturae
270 2125 358 2187 milcs
379 2122 557 2203 simulatque
580 2122 617 2183 alr
638 2122 676 2183 iis
699 2122 864 2185 insectatus
887 2128 1065 2185 constiterat
1081 2124 1111 2187 in
1127 2144 1238 2207 eosque

67 2237 94 2291 tt
114 2226 256 2310 impetum
271 2228 396 2303 iecerat,
406 2224 449 2287 illi
466 2224 561 2287 ueloci
575 2244 664 2285 cursu
677 2224 837 2306 periculum
853 2224 938 2287 iacilc
951 2224 1095 2287 uitabaut.
1118 2223 1237 2308 Quibus
1251 2226 1296 2295 72

116 2350 159 2393 cx
179 2329 271 2392 rebus
285 2324 402 2391 Caesar
421 2326 615 2391 uehementer
636 2326 897 2401 commonebatur,
922 2328 1012 2407 qnia,
1036 2328 1238 2409 quodcumqae

115 2430 262 2515 proelium
284 2430 421 2512 quotiens
443 2439 510 2492 erat
532 2428 744 2503 commissum,
768 2428 901 2511 equitatu
921 2448 977 2489 sno
992 2428 1059 2489 sinc
1074 2427 1240 2509 legionario

116 2531 213 2597 milite
235 2532 360 2595 hostium
383 2530 525 2614 equitatui
546 2530 665 2612 leuique
684 2540 853 2591 armaturae
869 2550 972 2592 eorum
989 2529 1172 2592 nullomodo
1188 2551 1241 2613 par

117 2654 185 2699 esse
200 2644 328 2719 poterat.
353 2630 580 2697 Sollicitabatur
590 2643 688 2696 auteur
702 2632 748 2695 lis
759 2630 863 2707 rebus,
874 2632 951 2713 quod
963 2634 1092 2694 nondum
1107 2634 1240 2715 legiones
1255 2633 1276 2696 1

67 2746 94 2801 to
117 2735 243 2801 laostium
259 2747 448 2822 cognouerat
462 2746 494 2799 et
508 2757 637 2817 quonam
654 2736 740 2798 modo
755 2734 906 2797 sustinere
921 2754 954 2797 sc
971 2744 1073 2818 posset
1087 2736 1239 2799 alveorum

117 2839 251 2922 equitatu
265 2840 383 2921 lenique
399 2849 566 2913 armatura,
591 2858 666 2920 quae
681 2848 746 2901 crat
761 2838 904 2913 mirilico,
929 2838 955 2900 si
972 2838 1107 2921 legiones
1122 2860 1239 2923 quoqne

118 2940 331 3004 accessissent.
377 2940 551 3004 Accedebat
572 2942 660 3003 ctiam
685 2941 758 3003 haec
780 2962 889 3015 causa,
915 2942 992 3024 qnod
1013 2940 1274 3025 clepliantornmd

118 3042 297 3124 magnitudo
309 3042 521 3125 multitudoque
537 3044 652 3105 animos
668 3044 791 3107 militum
808 3043 958 3107 detinebat
975 3046 1004 3107 iu
1022 3054 1150 3108 terrore.
1179 3041 1275 3111 Coit

120 3144 174 3207 uni
192 3146 236 3207 rei
258 3154 358 3207 tamen
379 3144 534 3209 inuenerat
549 3146 724 3211 remedium.
756 3144 893 3228 Namque
909 3147 1083 3229 eleplrautos
1098 3168 1139 3209 cx
1154 3144 1240 3209 ltalia

67 3258 95 3311 u
119 3246 320 3331 transportari
343 3246 490 3326 iusserat,
516 3270 574 3330 qno
590 3260 621 3311 ct
635 3250 720 3311 miles
736 3259 839 3311 noster
853 3250 1040 3332 speciemque
1055 3258 1084 3309 et
1101 3248 1240 3309 uirtutem

118 3348 234 3413 bestiae
256 3360 472 3433 cognosceret,
496 3362 527 3414 et
550 3351 598 3414 cui
623 3350 699 3434 parti
720 3350 856 3433 corporis
872 3350 935 3413 cius
951 3351 1042 3411 telum
1061 3349 1147 3410 lacile
1162 3348 1241 3431 adigi

120 3462 243 3537 posset,
268 3462 450 3535 ornatusque
473 3474 508 3517 ac
524 3454 666 3518 loricatus
682 3474 747 3515 cum
764 3463 846 3515 essct
861 3451 1056 3535 elephantus,
1081 3472 1156 3533 quae
1172 3470 1240 3534 pars

229 3684 322 3748 2qnas
334 3696 393 3748 ego,
407 3698 472 3749 qnos
485 3683 562 3735 codd.
578 3684 606 3734 Ρ.
620 3686 682 3734 115.
798 3684 814 3733 3
827 3682 1011 3733 conlocauerat
1024 3698 1050 3731 u.
1169 3686 1182 3735 1
1197 3684 1240 3733 lio-

119 3760 198 3810 stiutn
211 3775 265 3811 om.
279 3776 302 3808 c.
408 3760 648 3811 ficondocelaceret
661 3777 677 3810 ιι
688 3762 712 3810 1.
818 3778 868 3826 quo
879 3762 956 3826 pedes
969 3778 995 3825 a,
1005 3762 1070 3827 qnod
1084 3762 1115 3811 aa
1126 3764 1204 3829 pedes
1215 3766 1240 3813 1.

229 3838 243 3887 1
257 3838 419 3888 aduersariis
431 3838 527 3899 Aldus,
543 3839 710 3887 aduersarios
724 3854 740 3887 u
755 3839 779 3887 d.
903 3840 918 3891 1
932 3840 1081 3905 praecipere
1096 3858 1162 3889 ιιιιιιι
1176 3842 1238 3903 dat...

120 3912 308 3979 praecipereta
318 3914 348 3973 1,·
358 3914 484 3979 praecipit
497 3930 524 3963 u.
632 3915 662 3965 11
671 3914 903 3965 interficiebat—l
910 3918 1120 3981 l'dpdelatipalat
1129 3936 1145 3967 a
1154 3936 1169 3965 c
1181 3922 1239 3969 eorl.

120 3988 196 4052 Vra,
211 3988 404 4041 interficiebant
416 4018 449 4029 -·
462 3991 643 4056 defatigabant
656 3996 671 4043 l
683 4000 711 4045 et
722 3996 830 4059 reliqui.
996 3998 1027 4047 13
1040 4006 1170 4045 armatura
1185 4012 1201 4041 ιι
1216 3998 1240 4041 d.

232 4064 264 4117 11
276 4066 309 4116 iis
320 4082 348 4129 u,
362 4068 402 4117 lais
415 4067 477 4119 edd.
596 4070 626 4121 15
640 4072 782 4137 pericnlum
798 4070 876 4119 lacilc
889 4086 917 4132 a,
932 4071 1010 4121 lacile
1024 4070 1166 4135 pericolum
1180 4066 1241 4117 cdd.

233 4146 263 4195 ld
276 4146 488 4197 uehementer-
500 4148 677 4215 quodcumque
690 4166 743 4199 om.
758 4150 783 4197 t.
948 4148 1007 4211 qaia
1021 4162 1075 4195 om.
1089 4162 1105 4193 ιι
1119 4160 1133 4193 c
1145 4146 1161 4195 1
1174 4146 1242 4197 dett.

228 4222 399 4289 quodcunque
410 4224 464 4287 (a).
607 4224 637 4273 l7
651 4222 789 4289 proelium]
806 4221 902 4271 bellum
917 4222 943 4271 d.
1082 4222 1202 4285 quotiens
1214 4240 1242 4273 a.

230 4300 388 4363 legionarios
401 4304 498 4353 milites
510 4318 528 4352 u
542 4303 566 4351 d.
698 4302 730 4351 18
742 4299 861 4365 equitatu
875 4300 900 4347 d.
1025 4299 1056 4351 11
1070 4301 1186 4364 legiones
1200 4306 1243 4355 ho-

121 4376 198 4427 stium
211 4378 396 4443 ustepduaus,
408 4380 519 4428 lostiuan
530 4377 648 4441 legiones
658 4376 782 4441 reliquae
790 4374 851 4425 cdd.
955 4374 989 4425 10
998 4384 1101 4441 possent
1109 4379 1133 4429 d.

119 4454 151 4507 11
166 4462 242 4506 crant
253 4470 280 4505 ιι.
385 4460 419 4508 11
432 4455 585 4523 cccedclaat]
598 4463 686 4507 autern
698 4454 761 4505 add.
777 4456 802 4506 d.
905 4456 939 4509 11
953 4456 1053 4509 animos
1066 4460 1175 4513 militnm
1187 4476 1205 4511 a
1218 4462 1243 4521 1,

120 4533 231 4585 militurn
245 4535 345 4585 animos
357 4534 418 4587 cdd.
532 4537 566 4587 11
579 4550 611 4585 cx
624 4533 700 4586 ltalia
715 4534 888 4600 ciacconius,
902 4536 927 4587 in
943 4534 1045 4589 ltaliam
1057 4538 1135 4589 codd.

119 4612 152 4663 lai
164 4612 231 4677 quod
244 4627 261 4662 a
274 4613 300 4663 o.
435 4620 525 4663 noster
537 4612 633 4677 Aldus,
648 4618 767 4663 nosceta
780 4613 795 4663 d
807 4614 824 4665 1
836 4612 904 4667 dett.
1038 4616 1072 4669 27
1084 4620 1244 4679 ornatusque

121 4688 216 4755 Aldau,
231 4696 406 4757 oneratusque
419 4706 437 4741 c
451 4692 465 4740 d
478 4708 493 4739 c
504 4690 531 4741 d.
636 4688 760 4757 elephans
774 4688 829 4741 td.
