2646 5124
1260 402 1266 551 l

1260 554 1266 675 l

90 734 200 821 quibos
214 738 346 808 unum,
369 726 589 805 manarunt,
602 720 694 791 Laltt
708 732 785 789 narn
798 738 847 809 pr.
862 718 1054 787 duram
1065 718 1101 785 ia
1112 740 1154 787 ea
1164 740 1211 787 no·

90 837 174 913 don,
197 832 277 899 uodo
291 830 459 915 descriptus
473 841 540 906 eat,
564 829 752 912 integrm
766 822 948 909 acn'ptm
966 842 988 889 ι
1005 822 1109 909 prin
1128 842 1213 891 ιι

92 938 220 1026 positam
236 935 342 1012 luisse,
360 954 421 996 nou
436 940 537 1017 potest
549 929 670 994 dubium
685 927 802 1003 uideri,
822 926 895 1011 quio
907 924 1048 999 «οὖν
1058 924 1162 993 tntu
1173 926 1214 993 t·-

91 1041 138 1107 eia
149 1036 264 1123 'integri
277 1034 397 1101 codices
411 1031 556 1117 uqueadi
571 1030 651 1109 siut,
666 1028 741 1095 licet
752 1048 780 1093 c.
794 1024 852 1105 dd,
868 1026 888 1093 1
903 1028 1037 1115 opti-ua
1047 1024 1155 1115 Rq.
1167 1048 1213 1115 p.

92 1142 131 1208 ab
144 1140 184 1206 iis
199 1140 344 1205 discedat.
375 1135 506 1201 llctinui
522 1142 623 1209 autem
643 1129 862 1210 Hebdomon,
877 1131 957 1215 quad
970 1152 1000 1195 c.
1012 1128 1084 1211 bd,
1101 1128 1216 1197 aaa&

91 1264 160 1309 cum
174 1241 354 1307 testimoniis
378 1238 454 1305 satia
476 1238 625 1301 limatam
639 1234 774 1313 uidetur,
788 1234 850 1301 atsi
863 1236 943 1321 apud
954 1232 1048 1299 tedii
1060 1232 1134 1299 aeui
1145 1232 1217 1299 acri·

91 1357 212 1432 ptores,
236 1364 361 1429 quorum
384 1341 443 1405 loci
465 1339 584 1405 collecti
599 1348 671 1403 aaut
681 1358 703 1401 a
716 1334 876 1423 bouqueto
889 1336 924 1401 iu
936 1333 1090 1401 iadim‘bn
1111 1337 1175 1403 acl.
1188 1330 1219 1401 ll

92 1460 125 1515 ct
137 1445 184 1513 ΙΙΙ
198 1447 379 1532 scriptorum
393 1464 497 1509 rerum
512 1438 698 1507 Gallicarum
711 1450 746 1505 et
758 1436 995 1519 qudtann,
1017 1436 1110 1503 bain
1124 1436 1222 1525 affl

93 1572 203 1616 nomeu
224 1549 331 1615 dudem
352 1549 416 1610 lere
438 1543 650 1629 discrepantiia
669 1550 761 1627 atqtm
779 1543 857 1629 apud
870 1536 1039 1619 &aaron
1051 1540 1217 1607 obnoxiu

93 1654 161 1719 luit.
193 1649 230 1715 lu
244 1650 345 1714 itiner.
354 1648 431 1711 Ant.
448 1668 478 1731 p.
495 1643 560 1711 383
576 1642 762 1711 ‘blenletum’
776 1642 1005 1730 appellatnr‚'ia
1019 1642 1127 1715 tabula
1139 1642 1219 1711 Pea-

94 1756 171 1839 ung.
189 1748 360 1833 ‘Meregtet
393 1747 479 1813 llaec
493 1748 712 1832 praemittenda
725 1758 834 1825 cnut,
857 1768 918 1831 quo
930 1744 1047 1811 rectius
1060 1746 1101 1811 dc
1114 1758 1218 1813 extro·

93 1857 150 1921 mia
171 1854 274 1919 uerbis
295 1877 323 1915 c.
344 1849 384 1915 (il
416 1852 638 1923 indicaremus,
662 1850 712 1914 ubi
735 1852 766 1915 iu
786 1846 887 1934 lloug.
910 1869 958 1933 pr.
979 1858 1013 1915 ot
1030 1848 1220 1935 interpolati

94 1956 233 2023 omuibus
247 1964 498 2019 commemoratur
510 1950 750 2029 ‘Metiosedum',
766 1954 798 2018 iu
815 1948 1150 2036 ‘aliia'ssodndorpiu
1162 1950 1220 2037 legi

93 2059 137 2124 ait
152 2054 353 2133 ‘Etlosedum
370 2052 557 2134 Eliosedum,
574 2054 752 2127 Gloseduar,
767 2052 931 2119 losedam'e
946 2048 1066 2119 iaPar.
1081 2074 1131 2139 pr.
1146 2054 1222 2119 acti·

94 2172 176 2248 ptum
191 2169 238 2223 est
262 2155 483 2223 ‘Metlosedum
491 2159 509 2219 ’.
548 2156 628 2242 Quid
650 2160 688 2225 da
702 2158 760 2223 boc
773 2156 896 2222 ueniae
909 2154 1107 2235 meatu,
1119 2156 1221 2221 uiua·

94 2274 156 2339 tur,
172 2262 375 2347 intellegetur,
393 2282 481 2339 eum,
497 2281 574 2344 quac
588 2259 794 2346 superioribus
808 2280 855 2323 cc.
872 2267 1056 2335 mmantnr,
1080 2258 1223 2325 consido·

93 2366 274 2431 rauerimus.
305 2361 460 2427 Labienus
475 2364 610 2448 Agedico
626 2362 800 2440 Lutetiam,
825 2362 902 2443 quod
923 2370 991 2425 erat
1011 2356 1224 2445 oppidum&-

95 2489 205 2533 ucuum
221 2469 349 2552 positum
365 2468 511 2530 ininsula
527 2464 699 2549 Sequanae,
717 2466 851 2530 secundo
866 2464 987 2528 flumina
1002 2464 1171 2543 contendit,
1190 2474 1224 2529 ut

95 2593 113 2636 e
128 2572 252 2657 regione
267 2570 333 2633 eius
349 2569 446 2652 oppidi
463 2570 571 2632 ssumen
588 2570 728 2633 traiceret
749 2569 833 2632 etad
848 2568 970 2641 bostes,
992 2565 1043 2649 qui
1057 2566 1100 2630 ibi
1115 2586 1223 2631 conac-

95 2675 213 2751 daraut,
232 2671 416 2757 perueniret.
432 2669 596 2754 Postquam
611 2672 641 2735 id
658 2671 695 2735 nb
711 2671 860 2754 paludem,
877 2690 954 2753 quae
968 2669 1050 2753 ripas
1061 2665 1223 2752 Sequanae

95 2774 286 2858 impediebat,
303 2775 424 2837 efficere
439 2795 500 2837 nou
516 2783 646 2856 poterat,
662 2775 780 2846 eodem,
797 2794 856 2855 quo
871 2782 1010 2848 uouerat,
1027 2771 1140 2836 itinere
1153 2769 1224 2837 Mc-

95 2876 235 2938 lodunum
252 2876 401 2956 peruenit,
419 2876 497 2957 quod
511 2875 647 2957 oppidum
664 2876 760 2959 ipsum
772 2896 890 2957 quoquc
904 2875 937 2939 iu
951 2874 1050 2938 insula
1062 2870 1225 2957 Sequanae

96 2976 224 3062 positum
238 2986 324 3053 erat,
346 2976 446 3058 ibique
462 2977 654 3060 deprebensis
670 2976 796 3040 nauibus
816 2976 927 3041 llumen
945 2977 1068 3040 transiit
1082 2987 1115 3040 et
1128 2974 1225 3041 Lute-

98 3078 169 3143 tiam
183 3077 346 3141 contendit.
364 3076 477 3143 Hostes
494 3100 530 3143 eo
542 3080 648 3163 oppido
663 3081 789 3143 incenso
803 3100 837 3143 se
852 3080 883 3142 iu
899 3078 1022 3143 alteram
1038 3079 1136 3163 ripam
1150 3100 1225 3143 oon·

96 3181 231 3246 tulerunt
245 3184 289 3257 (c.
306 3179 348 3244 57
364 3190 395 3246 et
410 3178 478 3261 58).
510 3178 570 3246 Sed
586 3183 707 3246 interim
723 3179 879 3246 Labienus
895 3182 933 3246 ad
946 3179 1100 3245 Lutetiam
1119 3180 1158 3245 de
1172 3181 1226 3246 da-

96 3284 224 3349 leetioue
240 3282 434 3349 Haeduorum
446 3281 648 3368 Caesarisque
664 3284 888 3349 difficultatibus
904 3284 1017 3348 certior
1033 3283 1225 3367 lactusAgo-

96 3386 213 3466 dicum,
238 3387 287 3452 ubi
307 3388 518 3472 impedimenta
541 3386 695 3450 exercitus
710 3388 893 3469 reliquerat,
907 3372 1036 3450 'reuerti'
1051 3386 1221 3450 coustituit.

95 3484 202 3570 ltaque
218 3510 284 3551 cum
300 3490 328 3552 ei
343 3510 450 3553 rursus
467 3485 607 3570 Sequana
624 3490 807 3553 transeunda
824 3499 928 3566 esset,
952 3499 986 3551 ut
1006 3488 1063 3551 boc
1084 3499 1172 3553 tutus
1185 3487 1225 3553 ab

96 3587 224 3650 bostium
240 3589 352 3672 impetu
368 3591 513 3663 ediceret,
532 3589 609 3651 bauc
624 3592 772 3655 rationein
787 3593 867 3669 iniit,
883 3611 1004 3674 quaec.
1020 3586 1064 3652 titt
1075 3592 1222 3655 refertur.

98 3684 176 3753 ‘Sub
189 3710 348 3772 uesperum
359 3690 486 3755 consilio
498 3705 663 3757 conuocato
675 3694 861 3773 cohortatus,
875 3704 909 3756 ut
920 3712 968 3770 ea,
987 3712 1063 3775 quae
1076 3693 1225 3776 imperas-

94 3800 153 3863 set,
172 3791 333 3875 diligeuter
347 3790 552 3874 industrieque
567 3795 826 3872 administrarent,
843 3816 949 3872 naues,
967 3816 1041 3878 quas
1056 3790 1225 3857 Meloduno

95 3892 281 3969 deduxerat,
299 3891 433 3973 singulas
449 3893 598 3976 equitibus
614 3896 761 3962 Romanis
776 3898 914 3962 attribuit
927 3907 960 3961 et
975 3897 1068 3980 prima
1083 3896 1227 3961 conlecta

94 3993 197 4075 uigilia
219 3990 264 4059 lv
286 3995 366 4059 milia
389 4017 529 4081 passuum
552 4000 682 4063 secundo
705 4000 824 4064 flumine
848 3999 988 4084 progredi
1003 3998 1103 4080 ibique
1118 4017 1153 4060 se
1169 4018 1226 4061 ex·

94 4096 210 4178 pectori
224 4096 319 4161 iubet.
351 4094 493 4182 Quinque
507 4101 665 4183 cobortes,
682 4122 756 4184 quas
771 4102 893 4166 minime
908 4103 1009 4165 firmas
1024 4101 1062 4165 ad
1077 4099 1226 4163 dimican-

94 4197 163 4261 dum
178 4219 247 4263 ease
263 4199 467 4279 existimabat,
485 4203 592 4266 eastris
604 4204 753 4285 praesidio
765 4203 926 4286 relinquite
943 4205 1073 4286 quinque
1088 4200 1225 4265 ciusdem

94 4299 223 4383 legionis
238 4301 369 4384 reliquas
392 4304 429 4367 de
451 4304 548 4367 media
570 4316 659 4369 nocta
681 4327 749 4371 cum
773 4306 911 4369 omnibus
935 4303 1157 4389 impedimentis
1173 4303 1227 4365 ad-

94 4420 183 4465 uerso
200 4402 320 4468 flumina
335 4426 445 4490 magno
461 4405 588 4469 tumultu
603 4408 750 4490 proficisci
765 4408 905 4493 imperat.
954 4405 1117 4490 Conquirit
1131 4406 1224 4470 ctiam

93 4502 217 4569 liutres:
243 4506 297 4570 has
320 4528 428 4591 magua
451 4508 552 4572 sonitu
574 4528 725 4573 remorum
748 4511 889 4574 incitatas
911 4512 943 4574 iu
964 4510 1089 4575 caudam
1104 4519 1223 4592 partem

93 4607 193 4673 mittit.
212 4606 281 4694 lpse
296 4620 364 4695 post
379 4612 466 4694 paule
482 4612 602 4676 silentio
618 4631 761 4694 egressus
776 4633 843 4676 cum
859 4613 954 4677 tribus
969 4611 1137 4695 legionibus
1153 4631 1223 4675 eum
