2646 5124
13 66 41 116 et
59 40 444 133 lorruentis'depellebant:
469 76 525 134 qua
544 76 576 115 rr
594 56 628 114 iis
648 57 739 115 turris
757 56 959 117 detendendae
977 62 1067 122 lucul-

12 183 16 216 ι
35 156 222 238 eripiebant,
248 178 305 216 uon
325 157 411 217 muri.
434 180 518 237 «piretu
539 179 623 217 ricuino
642 158 845 239 irupurgualmt.
880 156 910 219 ld
929 163 1067 225 comittem

12 282 106 335 rrriuS,
133 260 213 340 qutul
238 255 377 320 Cluilius
402 262 477 321 numi
502 261 679 322 defendendi
704 262 873 322 limultutcur
892 284 950 324 ιιιιιι
968 267 1065 325 datam

15 362 57 423 ita
72 361 129 423 dici
148 361 356 438 existimabat,
376 373 406 423 ut
423 364 470 438 iis,
489 364 539 444 qui
557 364 586 424 in
604 384 688 425 muro
705 373 819 441 esseut,
838 386 871 427 se
887 365 1064 429 defendendi

12 474 56 527 tas
71 474 177 547 erepta
194 464 435 547 intellegeretur.
469 462 650 529 (liacconius
667 486 770 529 uocem
788 468 886 530 ‘muri'
903 468 1064 532 tollendam

11 566 90 629 nbat.
116 562 181 629 Sed
196 566 308 629 rectius
316 564 449 630 Grutero
461 570 560 631 omnia
578 569 662 631 liocc:
683 582 755 632 ‘uon
772 570 861 633 datur
875 569 969 634 libera
985 572 1063 635 muri

11 668 111 733 rdeudi
128 668 265 732 tacutms'
281 671 487 735 commenticia
504 672 693 735 uidebantur.
724 668 804 734 Nam
819 693 885 735 cum
903 672 1006 737 hostes
1022 694 1062 736 ex

11 793 20 833 t
35 792 74 833 ac
89 770 218 833 turribus
232 782 397 835 summotos
413 794 482 838 csse
498 774 680 837 declaratum
698 784 797 852 esset,
824 774 915 852 hacc,
940 796 1016 857 quae
1033 784 1063 837 et

11 872 1064 959 insitisspoutcintellegebanturetinultolauguidiorasuut‚nihilatti·

14 986 26 1037 t
41 974 172 1039 adicere.
196 974 360 1039 Enimuero
377 978 477 1061 inepte
490 978 582 1042 libera
600 980 801 1041 lacultasdata
819 990 961 1061 negatur,
978 978 1063 1061 quasi

10 1080 85 1143 tosti
92 1080 123 1143 iu
131 1079 315 1143 delendcudo
324 1081 491 1145 concedere
499 1082 635 1165 cuiquam
652 1084 682 1145 iu
691 1093 820 1143 mentem
831 1082 936 1145 uenire
947 1093 1059 1165 posset.

14 1180 51 1249 C.
65 1182 105 1245 ¹5
119 1184 234 1246 laaccin
244 1183 329 1246 codd.
341 1184 498 1269 leguntur:
520 1186 683 1269 ‘Aggerem
693 1184 893 1269 nouigcneris
910 1194 1000 1265 atquc
1015 1184 1061 1247 in·

11 1308 60 1351 nur
87 1306 130 1349 ex
161 1286 305 1349 latericiis
335 1285 450 1349 dtrobus
479 1289 573 1350 muris
595 1292 701 1352 scnium
726 1288 831 1371 pedum
859 1286 1060 1350 crassitudine

10 1412 14 1449 t
39 1410 148 1453 eorum
172 1412 324 1454 murorum
348 1391 601 1475 contignationem
625 1392 725 1454 iacere
747 1390 943 1453 instituerunt
964 1412 1058 1474 aequa

9 1492 187 1570 latitudine,
212 1504 300 1579 atquc
315 1493 365 1557 ille
382 1493 584 1576 congesticius
608 1514 649 1558 ex
670 1494 793 1557 niateria
817 1496 915 1558 luerat
938 1498 1054 1579 agger'.

9 1600 61 1665 luo
77 1598 158 1662 muri
174 1618 229 1681 per
243 1616 277 1659 se
292 1616 431 1681 aggerem
448 1616 507 1657 nou
524 1596 711 1659 alliciebant:
729 1608 885 1682 postquam
902 1599 1059 1683 contigna-

20 1700 181 1767 couiunrti
198 1710 296 1771 crant,
321 1710 381 1761 tum
398 1699 515 1761 demum
532 1699 713 1763 nascebatur
728 1698 770 1775 id,
794 1700 869 1780 quod
887 1720 923 1761 co
941 1699 1061 1762 nomine

9 1806 69 1869 lari
93 1813 226 1889 poterat.
260 1798 364 1882 ltaque
387 1798 635 1886 ‘contignatione'
652 1802 842 1863 scribendum
865 1811 923 1863 est.
963 1798 1061 1863 Recte

8 1932 25 1975 n
48 1908 161 1973 deinde
182 1902 353 1989 Stephanus
375 1905 476 1990 posuit
501 1899 705 1965 ‘altitudinc'c
732 1923 800 1964 nam
817 1913 848 1963 ct
862 1911 925 1964 tota
941 1901 1062 1985 aggeris

8 2010 207 2075 msistcbatin
217 2009 385 2085 altitudine,
394 2008 462 2071 etin
472 2005 659 2087 corrgcsticio
668 2024 792 2089 aggere,
805 2003 842 2066 ad
851 2003 1062 2067 cuiusmodurn

8 2134 84 2177 nuus
98 2111 386 2188 extructusdicitur,
405 2130 494 2194 supra
510 2132 538 2171 c.
550 2107 564 2168 ‘l
585 2118 665 2171 extr.
676 2107 802 2169 altitudo
818 2118 883 2171 erait
896 2106 1057 2171 declarata.

11 2214 55 2283 C.
69 2216 113 2281 24
128 2216 173 2281 in.
192 2211 472 2278 contrallomauam
489 2210 735 2275 consuetudinem
752 2211 846 2274 edunt
862 2206 1060 2273 ‘Curiolllar-

9 2318 137 2385 Vticaur
161 2314 289 2381 nauibus
313 2313 498 2398 praemittit'‚
523 2314 642 2377 laomiue
665 2312 729 2376 solo
753 2314 945 2397 praenomine
961 2311 1061 2395 appel-

21 2418 238 2505 ‚Signilicatur
257 2429 355 2481 autem
378 2429 522 2501 quaestor
541 2414 703 2491 Curionis,
729 2414 778 2497 qui
802 2414 889 2477 classi
907 2422 1060 2498 praeerat,

89 2520 106 2534 ι
153 2520 176 2534 n
464 2530 470 2537 .
649 2518 723 2539 -·1
786 2516 943 2541 11⁸¹.
993 2514 1045 2542 ..-J
