2646 5124
504 568 806 637 „ee-

90 746 122 809 in
139 745 309 810 citeriorem
325 742 453 809 Galliam
470 748 635 828 proiectum
650 763 730 807 esse.
761 740 871 824 Neque
886 740 1037 818 bibernis,
1056 736 1218 822 siquiden

92 847 290 911 multitudinis
312 870 437 913 numero
458 869 518 911 ona
539 868 589 911 res
612 857 750 922 notatur,
782 844 841 908 alia
864 845 920 909 nisi
944 854 1046 907 castra
1066 842 1219 905 bomin

93 950 274 1035 multitudini
295 952 334 1014 ad
356 951 543 1015 hiemandum
565 951 728 1013 constituta
748 948 967 1032 significantur.
1014 942 1218 1009 Sobneidem

92 1073 167 1117 uero
182 1056 270 1118 etiam
286 1054 317 1117 in
333 1054 474 1117 citeriore
482 1050 582 1117 Gallia
598 1052 721 1114 bibcrna
737 1061 922 1114 commentus
936 1059 995 1113 est.
1017 1046 1129 1111 Videri
1141 1046 1218 1111 etti·

92 1154 134 1219 ibi
150 1177 268 1241 quoque
278 1152 442 1219 Caesarem
458 1156 559 1239 copias
575 1152 715 1218 babuisse
729 1164 819 1235 atquc
835 1152 985 1217 idearum
1001 1148 1138 1215 bibernis
1148 1168 1218 1213 oon·

93 1256 231 1321 uentibus
247 1259 377 1341 peractis
400 1269 614 1321 commoratum
637 1278 717 1320 csse.
764 1255 876 1320 Habuit
900 1256 966 1319 sine
988 1253 1080 1317 dubio
1104 1250 1216 1337 copim,

92 1382 197 1425 uerum
213 1383 273 1425 nou
290 1362 439 1425 hicmandi
453 1382 545 1425 causa
561 1382 598 1424 eo
613 1359 775 1437 deductas,
792 1359 845 1423 sed
862 1378 938 1442 quae
952 1356 1107 1443 praesidia
1120 1354 1153 1419 io
1168 1374 1218 1439 op-

92 1463 169 1549 pidis
184 1464 367 1528 obtinerent.
400 1461 517 1528 Deinde
533 1463 659 1527 hiberna
674 1462 730 1526 boc
745 1463 830 1537 loco,
858 1481 935 1525 eam.
950 1460 1031 1523 nulla
1053 1480 1089 1523 re
1104 1456 1217 1522 adiecta

92 1578 411 1644 commemorarentur,
429 1587 489 1630 ooo
506 1576 643 1649 poterant
658 1565 717 1629 alia
732 1565 864 1650 intellegi
879 1586 968 1648 quam
977 1562 1136 1627 ulterioris
1147 1556 1217 1625 Gal·

92 1669 163 1743 liae,
181 1691 257 1751 quae
272 1670 339 1733 sola
354 1669 489 1752 legentes
505 1690 546 1733 ex
560 1670 716 1752 superiore
731 1669 946 1732 commentario
960 1674 1182 1751 cognorerunt.

179 1768 217 1837 C.
234 1771 274 1845 8,
298 1771 319 1836 3
334 1773 522 1837 restituenda
538 1783 604 1836 erat
620 1772 693 1836 baec
709 1772 875 1854 scriptura:
909 1768 989 1834 ‘Vbi
1011 1778 1138 1832 nostma
1158 1786 1217 1831 mou

92 1895 162 1939 csse
177 1875 339 1940 inferiores
352 1875 522 1951 intellexit,
548 1876 615 1939 loco
636 1896 690 1959 pro
712 1877 820 1939 castris
843 1875 880 1939 ad
900 1874 996 1939 aciem
1011 1872 1218 1937 instruendam

93 1989 201 2043 natura
217 1989 383 2062 opportuno
399 1988 488 2060 atque
503 1978 629 2056 idoneo,
653 1979 730 2061 quod
752 1979 899 2056 iscollis,
923 1976 974 2040 ubi
997 1986 1099 2039 castra
1121 1974 1218 2059 posita

93 2093 192 2159 erant,
211 2082 361 2165 paululum
378 2102 416 2144 ex
433 2080 556 2163 planitie
571 2080 668 2144 editus
684 2091 798 2145 tantum
814 2081 961 2145 aduersus
983 2078 1015 2142 in
1030 2078 1219 2142 latitudinem

92 2185 229 2267 patebat,
246 2194 389 2266 quantum
409 2182 468 2247 loci
483 2183 565 2247 acics
580 2184 730 2247 instructa
744 2204 893 2266 occupare
907 2192 1044 2267 poterat,
1067 2190 1160 2265 atque
1178 2202 1219 2245 ex

93 2295 219 2369 utraque
234 2296 318 2369 parte
339 2287 445 2350 lateris
468 2287 602 2349 deiectus
623 2286 750 2350 babebat
771 2296 803 2349 et
817 2286 848 2348 in
864 2286 993 2349 montem
1008 2282 1121 2348 leniter
1134 2284 1219 2349 lasti·

93 2400 182 2471 gatus
198 2389 337 2473 paulatim
353 2390 390 2452 ad
406 2391 557 2473 planitiem
574 2390 709 2466 redibat,
734 2388 772 2451 ab
794 2399 920 2471 utroque
940 2389 1035 2452 latere
1051 2387 1117 2451 eius
1133 2386 1218 2451 collis

93 2500 296 2555 transuersam
314 2494 423 2555 lessam
440 2491 583 2554 obduxit'
600 2502 674 2555 cett.
706 2490 787 2554 Nam
803 2492 854 2553 ‘io
870 2491 1016 2554 frontem*
1032 2500 1080 2553 est
1094 2491 1126 2552 iu
1141 2488 1219 2553 inte·

92 2593 155 2675 gris
171 2595 257 2657 codd.
276 2605 307 2658 et
321 2595 411 2679 louge
427 2594 561 2677 plurimis
575 2595 777 2671 deteriorum3
797 2592 949 2656 ‘frontem'
966 2594 1078 2656 omissa
1091 2614 1219 2677 praepo·

91 2694 201 2760 sitione
223 2697 253 2760 io
276 2697 475 2780 interpolatis.
522 2695 680 2760 Posterius
697 2694 927 2780 Oudendorpius
947 2695 1065 2780 posuit,
1091 2692 1219 2761 Schnei-

93 2796 183 2859 derus
200 2819 242 2861 ex
256 2799 370 2863 duobus
387 2799 495 2863 nullius
512 2800 599 2883 pretii
615 2800 701 2862 codd.
719 2801 841 2864 redusit
856 2799 908 2861 ‘in
924 2800 1054 2876 fronte',
1071 2800 1151 2882 quod
1165 2820 1219 2863 aa·

93 2908 142 2962 tea
158 2900 313 2978 edebatur,
331 2902 397 2984 quia
416 2901 459 2965 ‘iu
476 2902 613 2964 lrontem'
629 2901 667 2965 ab
683 2902 814 2966 librariis
830 2903 956 2985 positum
974 2903 1145 2980 uideretur,
1169 2902 1217 2985 qai

94 3002 194 3066 fronte
217 3025 359 3067 cacumen
384 3005 471 3067 collis
503 3005 667 3087 significari
699 3014 866 3089 putassent.
912 3002 1002 3086 Quod
1029 3025 1217 3087 nequaquam

93 3125 200 3169 uerum
216 3118 275 3170 est.
308 3102 403 3171 Collis
418 3108 498 3171 euim
513 3108 544 3170 in
561 3109 689 3170 frontem
707 3108 865 3189 fastigatus
882 3108 989 3185 estis,
1016 3108 1065 3189 qui
1090 3128 1108 3169 a
1131 3117 1218 3191 tergo

92 3206 124 3271 in
141 3209 270 3273 frontem
285 3212 429 3294 assurgit,
446 3221 480 3274 ut
494 3212 656 3277 uernacule
672 3211 786 3283 dicam,
810 3210 887 3272 naeb
911 3229 1005 3272 uorue
1027 3208 1215 3293 ansteigeod.

91 3308 197 3395 ltaque
212 3314 249 3376 ad
265 3315 443 3380 senteutiam
460 3317 546 3399 plane
561 3317 638 3379 idem
654 3325 720 3392 cst,
742 3323 842 3376 utrum
858 3316 887 3374 iu
904 3312 1014 3388 fronte,
1032 3331 1072 3374 an
1087 3310 1119 3373 ia
1136 3312 1219 3375 iren·

91 3423 152 3478 tem
170 3417 327 3501 fastigatus
343 3421 428 3483 collis
445 3420 579 3483 dicatorz
605 3439 675 3480 narn
697 3417 745 3478 bic
760 3437 778 3478 a
793 3426 879 3497 tergo
894 3433 1059 3496 assurgens
1081 3413 1114 3475 ia
1137 3414 1219 3477 troo·

93 3525 152 3579 tem
169 3520 298 3583 alrontc
313 3544 421 3585 rursus
436 3523 472 3585 ad
489 3520 639 3606 planitiem
655 3519 746 3591 redit,
763 3517 812 3581 ille
825 3517 983 3599 fastigatus
995 3516 1027 3578 iu
1042 3516 1143 3581 frome
1159 3526 1218 3581 ter·

92 3636 162 3699 gum
178 3618 267 3684 babet
281 3623 318 3684 ad
333 3623 484 3705 planitiem
500 3623 698 3686 descendeus.

180 3715 219 3783 C.
238 3720 290 3794 12,
309 3723 326 3784 1
345 3724 418 3787 baec
433 3726 593 3809 leguntur:
619 3723 790 3788 ‘Postridie
806 3724 871 3787 eius
887 3723 945 3787 diei
962 3719 1096 3801 Caesar,
1119 3723 1220 3806 prius-

94 3842 180 3903 quam
196 3843 229 3885 se
246 3823 348 3887 hostes
364 3847 405 3888 ex
421 3839 539 3891 terrore
551 3849 586 3890 ac
598 3828 666 3911 luga
677 3826 858 3909 reciperent,
877 3826 907 3888 io
920 3827 993 3889 fines
1006 3824 1217 3901 Suessionum,

93 3923 142 4005 qui
159 3926 288 4008 proximi
304 3926 409 3993 Remis
426 3941 532 4006 crant,
558 3928 725 3992 exercitum
750 3929 838 3991 duxit
852 3938 881 3991 et
898 3950 1008 4011 magno
1022 3928 1130 3991 itinere
1146 3949 1219 3991 con·

94 4026 174 4090 scoto
189 4028 225 4090 nd
242 4031 377 4113 oppidum
393 4030 605 4095 Nouiodunum
621 4032 797 4096 contendit'.
823 4029 939 4109 Magno
954 4031 1063 4094 itinere
1079 4030 1220 4093 coniecto

92 4124 308 4195 Nouiodunum
325 4135 517 4199 contendisse
534 4133 649 4200 Cacsar
671 4136 712 4198 ita
736 4134 851 4197 demum
869 4134 925 4196 diei
942 4142 1078 4217 poterat,
1102 4142 1137 4199 ut
1160 4132 1220 4195 duo

92 4230 203 4296 itinera
219 4245 366 4318 marquam
382 4237 461 4301 inter
475 4258 510 4301 se
524 4249 661 4321 separata
677 4237 941 4319 intellegerentur,
965 4235 1048 4319 prius
1064 4256 1218 4317 maguum,

93 4336 257 4419 posterius,
275 4359 332 4420 quo
348 4339 400 4402 illo
416 4341 554 4404 conlecto
569 4339 785 4403 Nouiodunum
801 4337 1049 4401 contendebatur.
1081 4334 1142 4400 Sed
1160 4338 1221 4400 iter

93 4438 132 4502 ad
147 4439 283 4523 oppidum
299 4439 533 4520 Nouiodunum,
558 4441 635 4524 quod
657 4461 692 4503 re
707 4461 779 4503 uera
796 4461 885 4503 eroum
902 4452 985 4518 erat,
1009 4442 1053 4503 ita
1075 4440 1218 4502 diducere

91 4540 225 4627 ineptum
240 4553 319 4618 erat,
336 4543 395 4607 nisi
410 4543 478 4606 linis
488 4544 595 4626 aliquis
611 4543 843 4625 significaretur,
862 4542 911 4605 ubi
924 4564 1063 4626 magnum
1076 4542 1136 4605 iter
1145 4563 1219 4604 coo·

92 4644 205 4719 matum
215 4645 345 4719 luisset,
367 4656 402 4709 ut
415 4644 486 4710 iude
500 4646 585 4730 quasi
601 4644 728 4709 alterum
743 4656 930 4709 nasceretur.
976 4642 1133 4708 Eiusmodi
1150 4666 1219 4707 cunr
