2646 5124
142 1905 183 1972 C.
210 1904 314 1972 lulius
336 1903 460 1972 Caesar
481 1926 540 1988 quo
564 1917 697 1991 tempore
724 1908 953 1971 commentarios
973 1929 1075 1974 rerum
1096 1931 1221 1976 suarum

84 2013 309 2094 composuerit,
334 2012 374 2074 de
395 2030 433 2073 ea
448 2028 483 2072 re
498 2019 633 2073 ueterum
650 2009 799 2073 neminem
814 2012 957 2076 retulisse
977 2013 1110 2078 arbitror
1131 2036 1220 2099 prae-

86 2124 134 2177 ter
148 2111 365 2190 Frontonem,
383 2113 436 2195 qui
451 2113 488 2176 de
503 2112 582 2176 bello
595 2109 740 2176 Parthico
755 2112 792 2175 ad
809 2110 853 2176 M.
871 2112 1030 2180 Aurelium
1045 2137 1076 2201 p.
1088 2114 1153 2182 203
1167 2118 1217 2182 ed.

87 2214 180 2279 Rom.
198 2217 274 2279 llaec
291 2215 418 2280 scribit:
438 2216 499 2278 ‘lac
521 2214 693 2278 memineris
713 2226 745 2280 et
767 2237 834 2279 cnm
853 2217 954 2283 animo
977 2229 1029 2284 tuo
1045 2221 1160 2304 cogites
1176 2216 1216 2285 C.

91 2315 258 2383 Caesarem
273 2317 466 2382 atrocissimo
488 2316 567 2380 bello
581 2312 700 2382 Gallico
716 2339 783 2382 cum
807 2320 866 2384 alia
885 2320 979 2383 multa
998 2322 1140 2387 militaria
1155 2334 1218 2386 tum

93 2421 185 2484 etiam
208 2422 281 2486 duos
301 2423 340 2485 de
360 2419 501 2502 analogia
520 2419 613 2484 libros
634 2422 915 2505 scrupulosissimos
936 2422 1116 2507 scripsisse,
1139 2425 1219 2489 inter

93 2525 154 2587 tela
170 2525 306 2588 uolantia
322 2525 358 2587 de
374 2522 542 2587 nominibus
558 2523 761 2602 declinandis,
786 2527 824 2590 de
844 2525 1003 2590 uerborum
1026 2527 1220 2611 aspirationi·

92 2626 202 2691 lenset
223 2627 393 2691 rationibus
414 2628 496 2691 inter
510 2626 638 2691 classica
660 2636 691 2690 et
712 2625 821 2692 tubas'.
854 2626 897 2690 Et
918 2628 1013 2693 libros
1028 2629 1064 2692 de
1080 2630 1219 2714 analogia

93 2727 259 2795 Suetonius
275 2730 332 2793 uit.
349 2724 441 2794 Cres.
458 2749 487 2793 c.
504 2727 546 2793 56
561 2731 593 2794 in
607 2729 736 2794 transitu
750 2727 872 2813 Alpium
887 2751 905 2793 a
921 2726 1077 2810 Caesare,
1093 2754 1160 2797 cum
1176 2754 1217 2797 ex

94 2835 236 2898 citeriore
252 2831 353 2898 Gallia
373 2832 569 2897 conuentibus
584 2831 714 2918 pmactis
736 2833 773 2895 ad
789 2833 956 2897 exercitum
981 2834 1114 2913 rediret,
1140 2837 1217 2900 scri·

95 2949 161 3020 ptos
175 2958 246 3001 esse
262 2947 402 3000 testatur.
431 2934 545 3000 Verum
561 2946 594 2999 ut
609 2936 665 2999 lioc
680 2957 697 2999 a
713 2932 869 3000 Frontone
883 2939 1018 3003 oratorie
1033 2951 1216 3004 exornatum

96 3051 159 3119 est,
173 3042 216 3104 ita
233 3041 313 3122 qnod
329 3039 365 3103 de
380 3038 601 3103 commentariis
617 3039 723 3102 scribit
736 3040 810 3119 (alia
827 3041 905 3103 euim
919 3042 1057 3105 militaria
1071 3038 1215 3107 Caesaris

97 3164 158 3206 uon
172 3147 305 3224 luerunt)
321 3164 382 3206 uon
399 3152 479 3206 certa
496 3142 693 3219 auctoritate,
716 3142 769 3206 sed
785 3163 840 3205 sna
855 3144 996 3227 opinione
1012 3147 1118 3210 duetus
1133 3148 1217 3211 adir-

98 3266 200 3308 masse
213 3246 427 3309 existimandus
443 3256 501 3309 est.
529 3243 611 3309 Nam
626 3245 658 3307 id
672 3243 790 3325 quidem
804 3244 870 3329 ipsa
884 3267 935 3309 res
950 3248 1049 3324 docet,
1067 3269 1217 3311 commen-

99 3346 190 3410 tarios
205 3369 264 3411 sos
278 3349 361 3412 inter
375 3347 444 3412 belli
460 3346 643 3422 certamina,
668 3346 721 3409 sed
745 3357 829 3409 certe
850 3348 944 3428 gestis
960 3350 1049 3411 rebus
1064 3369 1119 3431 per
1133 3351 1218 3431 quie·

99 3462 154 3515 tem
168 3450 362 3515 hibernorum
377 3451 559 3535 compositos
575 3468 656 3512 ense.
687 3445 784 3531 Atqui
799 3469 838 3510 ne
852 3447 981 3531 singulis
997 3450 1113 3532 quidem
1127 3452 1215 3516 annis

97 3555 227 3634 singulos
247 3553 477 3618 commentarios
497 3550 718 3636 seriptitauisse
739 3546 923 3629 Caesarem,
946 3552 999 3616 sed
1023 3574 1082 3617 uno
1103 3553 1215 3639 impetu

97 3657 184 3722 libros
207 3658 244 3721 de
266 3657 345 3722 bello
365 3653 483 3721 Gallico
505 3666 537 3718 et
560 3663 662 3738 postea
685 3655 722 3717 de
742 3654 821 3718 bello
842 3655 922 3719 ciuili
945 3657 1108 3741 perfecisse
1130 3667 1215 3721 recte

98 3758 299 3826 Schneiderus
313 3762 346 3824 in
361 3758 486 3824 Waclil.
504 3758 627 3842 philem.
643 3752 660 3820 l
668 3802 678 3834 ,
704 3754 766 3820 108
788 3756 879 3822 Hirtii
895 3761 996 3824 uerbis
1012 3758 1214 3824 demonstrari

97 3866 185 3944 dixit,
210 3866 259 3947 qui
282 3867 312 3948 fi.
335 3860 465 3947 dpraei.
482 3860 551 3924 libri
569 3854 642 3923 Vlll
657 3858 693 3923 de
709 3859 738 3922 lt.
756 3857 837 3923 Gall.
855 3863 1086 3927 commentarios
1102 3882 1120 3924 a
1135 3858 1216 3924 Cae-

97 3988 161 4031 sare
183 3979 215 4032 et
238 3966 377 4030 facillime
399 3976 430 4029 et
449 3962 607 4029 celerrime
626 3963 775 4045 perlectos
797 3964 938 4027 affirmat.
973 3962 1066 4048 quue
1082 3964 1119 4027 de
1135 3985 1215 4026 com·

98 4070 247 4134 mentariis
268 4070 304 4133 de
330 4068 408 4132 hello
429 4065 548 4132 Gallico
569 4066 648 4128 idem
668 4061 872 4130 Schneiderns
895 4063 1056 4131 Ciceronis
1078 4067 1215 4150 epistolis

98 4173 263 4238 confirmari
279 4172 410 4235 mouuitr
432 4171 500 4255 qui,
518 4190 585 4233 cum
599 4178 668 4252 post
682 4167 809 4231 reditum
824 4168 861 4231 ab
877 4169 969 4233 exilio
985 4165 1112 4232 Caesari
1129 4167 1216 4229 ualde

99 4276 248 4340 familiaris
270 4276 337 4338 siue
352 4283 432 4338 esset
455 4273 522 4337 siue
538 4271 635 4336 uideri
650 4282 775 4356 cuperet
789 4282 820 4335 et
835 4267 981 4352 Quintum
998 4272 1123 4334 fratrem
1137 4266 1216 4330 'l'rr-

97 4375 264 4461 latiumque
285 4377 342 4441 sibi
366 4376 628 4443 familiarissimum
653 4375 685 4437 in
699 4374 764 4438 eius
780 4375 920 4439 exercitu
935 4373 1076 4447 haberet,
1101 4366 1217 4433 Caesa-

97 4500 153 4544 rem
164 4501 218 4545 res
231 4501 305 4545 suas
319 4480 429 4545 litteris
443 4480 585 4545 mandare
600 4498 696 4562 neque
713 4478 804 4542 celari
820 4477 968 4562 potuisset
982 4494 1092 4556 neque,
1109 4473 1136 4537 si
1152 4490 1219 4533 cer·

99 4583 152 4647 tior
165 4585 269 4649 uetus
282 4595 382 4663 essa,
405 4595 519 4649 tacere.
551 4581 667 4650 Verum
688 4592 789 4646 tamen
812 4590 882 4644 aule
902 4580 973 4643 belli
989 4577 1087 4641 ciuilis
1102 4572 1219 4637 initium

98 4686 328 4755 commentarios
349 4688 386 4754 de
404 4688 484 4756 bello
497 4684 618 4753 Gallico
632 4685 763 4770 scriptos
778 4704 846 4750 esse
861 4682 1054 4846 statuenldpm
1070 4686 1136 4751 est,
1160 4694 1220 4737 non
