2646 5124
484 126 806 190 —203-

109 310 185 373 erant,
210 298 311 359 subito
336 298 451 380 equites
466 294 569 361 Mauri
585 320 682 380 neque
697 300 888 382 opinantibus
905 299 1101 368 Caesarianis
1117 308 1215 372 adorti

100 400 189 464 nultos
211 400 320 463 iaculis
344 402 617 481 conuulnerarunt,
642 405 802 468 nonnullos
824 404 1049 468 interfecerunt.
1099 406 1216 474 Latent

96 504 159 567 enim
173 505 204 566 in
220 503 343 567 insidiis
358 524 426 565 cum
442 502 527 585 equis
542 505 622 568 inter
636 506 809 583 couualles‚
834 527 893 569 non
919 518 951 569 ut
965 508 997 570 in
1012 528 1117 593 campo
1132 533 1213 575 com-

89 608 176 671 minus
190 606 367 691 depugnent
384 652 497 667 ......
509 602 626 671 Caesar
639 610 758 672 interim
775 610 805 671 iu
823 606 992 672 Sardiniam
1009 612 1130 677 nuntios
1145 636 1212 679 oum

88 708 189 773 litteris
205 708 284 773 etin
299 708 435 791 reliquas
450 710 621 792 prouincias
638 713 778 775 finitimas
794 710 917 773 dimisit'
932 720 1003 773 cett.
1043 710 1119 777 Post
1143 719 1212 782 ‘de-

87 810 228 896 pugnent’
251 810 331 873 adici
348 810 477 874 debebat
490 814 692 889 contrarium,
718 814 795 896 quod
820 816 955 877 iacerent
970 812 1083 877 Mauri.
1115 813 1212 881 Vitio-

88 934 141 979 ιιι
156 934 226 979 esse
241 916 414 977 orationem
430 911 537 977 blorus
554 915 644 991 uidit,
670 918 723 979 sed
748 936 903 1000 perperam
926 918 1027 979 oninia
1050 928 1134 979 recta
1150 920 1213 982 lore

88 1016 207 1081 murus
223 1028 283 1091 est,
302 1016 330 1078 si
342 1026 507 1099 poneretur
519 1026 603 1093 ιιιοῐι,
622 1020 695 1082 utin
705 1040 822 1103 canrpo,
841 1020 1006 1084 comminus
1019 1022 1211 1107 depugnant'.

89 1116 171 1203 Quasi
187 1120 218 1183 in
235 1140 346 1203 eampo
361 1116 513 1182 Numidae
529 1122 692 1183 comminus
708 1123 881 1205 depugnare
897 1124 977 1187 soliti
994 1128 1114 1189 essent!

162 1220 200 1287 C.
219 1220 243 1287 8
257 1233 331 1285 ante
348 1220 423 1285 baec
440 1222 547 1284 uerba:
573 1225 706 1287 ‘interim
724 1246 789 1287 cum
805 1222 838 1286 X
855 1227 982 1290 nauibus
998 1226 1096 1313 longis
1113 1230 1150 1291 ad
1166 1250 1214 1295 re·

91 1324 176 1409 bpuas
195 1345 292 1391 naues
314 1326 476 1389 onerarias
496 1327 726 1408 conquirendas,
743 1348 820 1415 quae
837 1328 1047 1406 deerrasseut‚
1071 1341 1101 1393 ct
1123 1333 1212 1396 simul

92 1448 164 1493 aare
184 1429 329 1494 tuendum
344 1426 383 1490 ab
400 1428 534 1492 bostibns
550 1429 632 1491 iubet
648 1430 795 1512 proficisci
806 1429 826 1505 ⁴,
850 1452 957 1495 nonten
980 1434 1045 1495 eius
1067 1434 1209 1507 bominis,

92 1532 255 1615 {dimissus
271 1539 357 1594 esset
371 1531 445 1601 (nisi
462 1531 560 1615 plnres
572 1534 719 1613 luerunt),
732 1534 880 1597 excidisse
897 1531 1129 1600 recteClarltius
1144 1538 1210 1600 ani-

91 1636 253 1700 naduertit.
283 1632 366 1697 Nam
388 1635 467 1716 quod
489 1634 577 1698 adicit
600 1635 663 1697 beri
680 1655 787 1718 posse,
813 1648 845 1698 ut
866 1636 1040 1699 uocabulum
1058 1637 1209 1703 ‘interim’

90 1758 120 1803 et
134 1739 188 1802 illo
210 1737 336 1800 nomine
355 1746 455 1799 ortum
478 1738 535 1815 sit,
560 1759 637 1823 quae
654 1735 770 1801 Dauisii
794 1740 945 1801 sententia
968 1750 1052 1817 erat,
1076 1762 1110 1803 ea
1135 1761 1209 1817 uos,

90 1860 160 1923 qnae
183 1840 295 1923 qnauis
318 1840 378 1905 lere
398 1840 508 1925 pagina
532 1841 619 1904 buius
635 1840 702 1904 libri
719 1841 848 1923 legitur,
874 1842 1044 1923 temptanda
1066 1862 1126 1905 nou
1150 1853 1208 1905 est.

89 1940 126 2006 t't
142 1964 225 2007 nnnc
239 1942 292 2007 illa
307 1942 394 2007 uerba
414 1944 566 2027 leguntur,
589 1943 764 2008 necessario
786 1944 996 2025 coniungenda
1018 1953 1122 2006 essent
1145 1964 1212 2005 cum

89 2046 289 2133 superioribus
307 2046 552 2129 ‘exoneratisque
569 2047 675 2129 partim
692 2045 819 2109 nauibus
831 2046 929 2127 longis
940 2044 1096 2107 Rabirium
1105 2041 1214 2108 Postu·

89 2170 158 2213 num
179 2150 213 2213 in
230 2144 366 2213 Siciliam
389 2150 425 2211 ad
448 2150 612 2213 secuudum
634 2158 830 2212 commeatum
853 2150 1066 2212 arcessendum
1092 2148 1211 2225 mittin,

88 2250 122 2315 ila
135 2264 169 2315 ut
183 2252 281 2317 eidem
297 2248 426 2315 Rabirio
442 2252 593 2335 negotium
616 2252 715 2316 datum
731 2252 883 2315 diceretur
899 2254 1018 2313 nauium
1035 2251 1214 2333 conquiren-

89 2354 183 2417 larum
197 2356 351 2439 marisque
367 2354 480 2418 tuendi.
506 2353 619 2420 Verum
635 2354 677 2418 ita
694 2355 825 2439 ineptum
842 2365 909 2417 erat
924 2355 1045 2417 nauium
1057 2374 1213 2418 numerum

88 2456 119 2521 td
132 2458 332 2543 posteriorem
346 2478 410 2521 rem
423 2458 523 2519 datum
535 2459 689 2521 declarare
705 2458 736 2520 in
752 2458 852 2543 priore
861 2480 894 2521 re
907 2457 987 2520 nullo
999 2458 1109 2542 posito,
1126 2458 1212 2541 quasi

88 2564 332 2627 tdeommeatum
348 2562 560 2625 arcessendum
583 2572 636 2624 aut
657 2562 753 2625 nullas
770 2582 862 2624 naues
883 2562 1036 2626 babuisset
1050 2572 1103 2624 aut
1118 2561 1209 2623 alium

88 2685 250 2729 renerum.
284 2660 403 2727 Deinde
418 2675 601 2728 commeatus
617 2665 732 2727 arcessi
756 2675 787 2727 et
808 2684 901 2727 naues
917 2665 1055 2751 conquiri
1070 2684 1211 2745 mareque

87 2768 222 2833 nnotirt
240 2786 304 2830 nno
320 2778 454 2851 tempore
469 2788 528 2829 non
545 2777 699 2850 poterant:
725 2786 821 2848 neque
842 2767 920 2829 enim
936 2766 988 2828 illa
1003 2787 1053 2828 res
1069 2786 1134 2829 eam
1150 2784 1215 2825 mo-

85 2892 142 2935 ram
156 2872 293 2947 ferebat,
311 2891 398 2952 quam
415 2870 470 2933 bae
485 2870 660 2933 afferebant.
700 2866 883 2945 Praeterea,
909 2888 975 2930 eum
998 2888 1026 2928 c.
1044 2864 1107 2941 26,
1130 2864 1151 2926 3
1168 2863 1217 2925 tit-

84 2984 163 3039 terae
178 2976 214 3038 in
223 2970 362 3037 Siciliam
378 2974 415 3037 ad
425 2972 565 3038 Alienum
581 2971 897 3035 ctRabiriummissae
914 2970 1062 3045 itionum,
1081 2978 1110 3030 ut
1128 2987 1215 3049 quam

84 3077 245 3143 celerrime
260 3076 421 3139 secuudum
437 3087 634 3140 commeatum
652 3077 858 3159 imponerent,
886 3072 1044 3138 Rabirium
1060 3070 1092 3134 in
1109 3066 1216 3133 Sicilia

84 3182 233 3245 mansisse
248 3189 381 3263 apparet.

165 3282 280 3347 Eiusd.
298 3304 327 3344 c.
345 3284 374 3367 ᾗ.
392 3282 412 3345 4
429 3284 502 3347 ltaec
516 3284 547 3346 in
563 3283 649 3345 codd.
674 3284 832 3365 leguntur:
862 3279 966 3345 ‘llaec
987 3278 1028 3341 ita
1051 3274 1216 3359 imperabat

86 3386 256 3471 unicuique,
272 3386 317 3449 ita
333 3386 544 3471 praecipiebat,
563 3386 618 3458 uti,
637 3386 701 3448 lieri
718 3395 819 3469 posset
834 3404 947 3461 necne,
972 3383 1069 3446 locum
1086 3398 1216 3442 excusa-

89 3489 127 3553 tio
140 3494 255 3557 nullum
273 3490 397 3555 liaberet
418 3512 474 3554 nec
496 3510 609 3552 moram
631 3488 874 3568 tergiuersatio'.
907 3483 1020 3561 Certe,
1045 3494 1077 3547 ut
1100 3482 1215 3563 reliqua

89 3612 156 3657 sana
170 3606 291 3671 essent,
309 3594 457 3679 ‘possent’
473 3592 640 3678 ponendum
658 3602 734 3663 orat,
752 3612 817 3653 cum
829 3591 858 3653 id
868 3589 990 3653 uerbum
1002 3588 1038 3650 ad
1053 3601 1217 3667 pronomen

92 3694 181 3761 ‘baec’
198 3698 379 3782 pertineret.
411 3694 526 3761 Verum
551 3715 627 3777 quae
649 3705 696 3755 est
712 3693 771 3756 ista
786 3693 962 3767 excusatio,
987 3702 1085 3753 utrum
1106 3683 1217 3767 aliquid

93 3796 151 3863 leri
172 3800 308 3883 potuerit
328 3798 446 3863 necne?
477 3796 557 3862 Nam
580 3796 613 3861 in
636 3796 690 3858 bac
713 3794 860 3857 orationis
890 3796 984 3856 forma
1014 3790 1148 3873 equidem
1180 3804 1219 3847 ne

94 3902 245 3985 uestigium
263 3904 381 3985 quidem
397 3902 567 3967 sententiae
583 3898 682 3961 uideo.
725 3894 863 3961 Debebat
877 3907 974 3959 autem
991 3896 1019 3957 id
1038 3893 1114 3969 dici,
1139 3886 1219 3951 Cae·

95 4020 184 4067 unm
206 4014 433 4090 praeceptorum
456 4002 610 4088 diligentia
633 4001 691 4078 iis,
716 4000 823 4082 quibus
845 3999 912 4062 illas
934 4018 985 4061 res
1008 3995 1219 4063 mandauerat,

96 4124 204 4171 omnem
220 4108 451 4172 excusationem
467 4105 635 4181 ademisse,
662 4123 701 4167 ne
725 4124 759 4166 re
782 4103 859 4165 male
880 4112 968 4187 gestu
984 4100 1086 4162 dicere
1101 4095 1219 4165 liceret,

96 4206 131 4271 lta
145 4230 210 4275 eam
226 4220 429 4297 comparatam
443 4210 558 4287 nurse,
578 4207 621 4273 uti
638 4206 701 4271 beri
717 4226 778 4269 non
793 4212 906 4287 posset.
933 4198 1040 4283 ltaque
1056 4198 1100 4262 sic
1116 4190 1221 4279 posui:
