2646 5124
439 622 582 693 Clllffl.
598 622 645 690 lll
661 622 756 692 CAP.
771 624 924 692 tlt-53.
1240 624 1302 692 191

123 799 256 865 liberatis
279 799 343 864 suis
365 797 423 863 lnce
445 798 501 863 luit
520 807 681 863 contentus
702 819 800 883 neque
822 798 937 883 proelio
958 798 1115 863 decertare
1137 799 1245 877 uoluit,

122 923 264 986 quaeres
280 912 381 967 tamen
396 902 525 965 lortasss
540 901 666 984 aliquem
681 901 831 986 reciperet
846 921 966 978 casum,
984 920 1021 963 ns
1035 900 1244 985 imperatorias

123 1007 178 1070 sibi
194 1016 297 1089 partes
312 1004 476 1089 sumpsisse
489 1003 656 1069 nirlcretnr.
685 1002 877 1089 Pompeianis
893 1023 1029 1087 magnam
1043 1024 1092 1069 res
1108 1004 1144 1067 stl
1159 1024 1244 1068 rece·
1259 1003 1282 1069 6

124 1120 206 1192 ptum
228 1107 429 1172 difficultatem
450 1106 616 1173 atllcrcbut.
661 1104 743 1170 Nam
767 1127 807 1170 ex
830 1105 932 1189 iniquo
953 1106 1104 1190 progressi
1125 1107 1192 1170 loco
1212 1108 1244 1171 iu

86 1223 102 1272 t
128 1231 243 1274 summo
258 1210 474 1274 constiterant:
490 1210 517 1275 si
531 1230 587 1294 per
600 1209 714 1273 decline
729 1229 799 1274 sese
814 1209 995 1293 reciperent,
1012 1219 1133 1272 nostros
1147 1228 1242 1273 exsn·
1259 1208 1280 1271 7

125 1314 243 1397 periore
257 1314 453 1396 insequentes
467 1313 534 1377 loco
549 1310 751 1390 uembsnturq
770 1332 868 1396 neque
881 1313 1004 1375 multum
1020 1311 1056 1374 ad
1073 1311 1147 1374 solis
1162 1330 1247 1374 ocea-

124 1436 188 1478 sum
204 1417 349 1500 temporis
365 1427 538 1501 supererat=
557 1435 609 1500 spe
625 1416 705 1479 enim
720 1414 895 1479 conficiendi
910 1414 1023 1497 negotii
1039 1433 1131 1497 prope
1146 1414 1178 1477 in
1193 1434 1247 1476 uo-

127 1529 203 1581 ctem
225 1539 289 1582 rem
312 1518 472 1583 luxerant.
503 1515 551 1595 lte
574 1518 749 1583 necessario
764 1528 853 1600 atque
869 1538 910 1581 ex
924 1529 1059 1601 tempore
1074 1525 1161 1600 capto
1177 1512 1284 1580 con-8

126 1620 196 1683 silio
211 1616 372 1706 Pompeius
395 1621 537 1685 tumulum
561 1621 708 1704 quendam
730 1620 900 1705 occupauit,
917 1621 967 1704 qui
983 1630 1098 1683 tantum
1113 1617 1250 1682 alerata

68 1733 102 1785 tt
127 1735 234 1786 nostro
250 1724 385 1801 castello,
403 1734 437 1788 ut
451 1726 540 1789 telum
558 1734 708 1788 tormento
723 1723 846 1786 missum
862 1723 941 1808 adigi
957 1743 1017 1785 non
1034 1732 1144 1806 posset
1182 1719 1250 1789 llos

127 1826 264 1889 consedit
278 1826 517 1914 locoatqueeum
527 1826 721 1891 communiuit
736 1846 898 1909 omnesque
914 1826 954 1889 ibi
970 1825 1073 1910 copias
1088 1825 1247 1889 continuit.

127 1926 239 1993 Eodem
256 1940 389 2015 tempore
404 1931 520 1995 duobus
537 1940 692 2014 practerea
708 1930 782 1994 locis
798 1940 961 2014 pugnatum
983 1939 1049 1993 cst:
1075 1948 1142 1991 nam
1166 1928 1251 2013 plura
1265 1926 1312 2000 Β

126 2031 247 2096 castella
263 2029 423 2118 Pompeius
444 2034 559 2118 pariter
579 2032 767 2097 distinendae
789 2053 895 2096 manus
918 2052 1008 2095 cansa
1035 2041 1248 2114 temptsucret,

129 2155 167 2197 ne
187 2154 226 2197 ex
249 2136 398 2219 proximis
421 2135 579 2218 praesidiis
601 2136 737 2198 succurri
759 2144 871 2218 posset.
907 2132 979 2198 Vno
1001 2135 1068 2197 loco
1090 2132 1287 2200 Volcatius2

71 2246 104 2299 lt
128 2233 235 2300 Tullus
246 2238 388 2320 impetum
403 2237 533 2321 legionis
548 2236 691 2299 sustinuit
699 2236 872 2300 cohortibus
885 2236 981 2300 tribus
997 2247 1086 2319 atque
1101 2256 1168 2300 eam
1184 2236 1251 2301 loco

126 2338 258 2423 depuli13
286 2339 383 2402 altero
399 2335 544 2402 Germani
566 2337 748 2402 munitiones
770 2349 891 2403 nostras
913 2339 1028 2421 egressi
1051 2338 1252 2423 compluribus

124 2440 302 2504 interiectis
325 2460 392 2504 sese
416 2442 452 2504 ad
473 2462 545 2505 suos
574 2440 741 2504 incolumes
768 2450 957 2525 receperunt.
1004 2438 1050 2505 lta
1072 2462 1133 2504 uuo
1153 2438 1309 2511 disvl58

126 2542 254 2626 procliis
271 2543 370 2619 lactis,
387 2543 485 2607 tribus
500 2545 536 2607 ad
553 2542 785 2630 Dyrrhachium,
804 2543 901 2607 tribus
916 2544 952 2607 ad
968 2544 1167 2622 munitiones,
1184 2564 1250 2608 cnm

126 2644 234 2709 lorum
258 2646 389 2708 omnium
412 2647 492 2710 ratio
514 2647 693 2724 laberetur,
724 2648 761 2710 ad
783 2648 909 2711 duorum
932 2646 1045 2710 milium
1068 2666 1190 2711 numero
1209 2666 1251 2711 sn

67 2756 102 2811 ²0
127 2742 322 2830 Pompeianis
338 2749 482 2813 cecidisse
497 2750 735 2835 reperiebamus,
753 2761 896 2815 euocatos
911 2749 1162 2833 centurionesque
1169 2770 1251 2814 com·

128 2848 230 2932 plnres
250 2850 423 2929 (incoluit
444 2873 568 2917 numero
584 2852 729 2919 Valerius
743 2850 890 2931 Flaccus,
915 2850 955 2917 L.
973 2853 1069 2930 llius,
1094 2851 1177 2931 eius,
1201 2853 1250 2937 qui
1266 2851 1287 2917 2

127 2962 251 3034 praetor
272 2952 378 3016 Asiam
400 2955 605 3039 obtinuerat);
639 2957 785 3041 signaque
807 2966 877 3020 sunt
899 2956 1038 3021 militaria
1062 2976 1120 3019 sex
1142 2955 1249 3019 relata.

128 3051 240 3119 Nostri
254 3076 314 3119 non
329 3057 456 3140 amplius
470 3069 522 3121 xx
536 3058 676 3122 omnibus
698 3070 769 3124 sunt
790 3057 910 3144 procliis
933 3059 1107 3123 desiderati.
1141 3055 1203 3122 Sed
1219 3058 1249 3121 in
1265 3055 1286 3120 3

129 3157 255 3221 castello
270 3179 359 3224 nemo
384 3160 439 3222 luit
454 3162 575 3225 omnino
590 3162 735 3239 militum,
759 3162 829 3245 quin
846 3163 1075 3237 uulneraretur,
1098 3170 1252 3241 quattuor-

71 3267 105 3320 2⁵
127 3279 187 3342 que
202 3281 243 3324 ex
257 3281 317 3324 una
332 3262 456 3326 cohorte
471 3263 665 3329 centuriones
680 3264 782 3329 oculos
797 3263 973 3329 amiserunt.
1002 3261 1043 3327 Et
1060 3283 1125 3325 cum
1141 3262 1252 3326 laboris
1267 3261 1289 3324 4

129 3360 177 3424 sui
192 3363 375 3448 periculique
390 3366 592 3429 testimoninm
607 3365 727 3432 adferre
749 3367 880 3446 uellent,
905 3365 986 3430 milia
1002 3365 1176 3450 sagittarum
1194 3365 1253 3428 cir-

130 3464 209 3527 citer
222 3475 301 3529 xxx
321 3467 352 3530 in
375 3468 529 3533 castellum
545 3468 683 3533 coniecta
698 3467 825 3534 Caesari
839 3479 1128 3546 renumeranerunt,
1152 3479 1254 3531 scuto-

129 3586 189 3650 que
204 3567 242 3632 ad
257 3588 326 3634 enm
340 3571 438 3637 relato
454 3567 592 3637 Scaeuae
607 3573 793 3638 centurionis
807 3573 932 3639 inuenta
946 3583 1017 3637 sunt
1032 3571 1063 3634 in
1080 3591 1115 3634 eo
1132 3570 1253 3634 forami-

240 3826 386 3893 3magnan
398 3830 430 3881 P.
444 3829 595 3895 Manutius,
610 3846 703 3897 magns
715 3847 732 3885 a
745 3832 820 3885 ‘mse
830 3832 974 3898 plerique&
1086 3831 1102 3881 t
1116 3828 1255 3881 atterebat

128 3918 156 3953 a·
276 3908 291 3959 1
302 3908 420 3974 resipere
431 3924 459 3961 a.
582 3910 598 3962 7
611 3911 734 3978 temporis
748 3919 885 3978 supererat
896 3927 913 3961 a
926 3909 986 3960 ssd.
1001 3912 1065 3958 ants
1078 3923 1105 3970 u,
1120 3915 1257 3974 supererat

128 3979 255 4046 temporis
268 3985 327 4033 sa'ns
339 3989 518 4038 annotatione
530 4001 558 4037 ss.
693 3987 853 4039 llduxsrsut
866 3990 881 4038 1
895 3989 909 4037 1
923 3985 988 4036 dett.
992 4022 1001 4047 ,
1017 3985 1181 4037 deduxerant
1194 3985 1256 4034 reli-

129 4059 189 4123 μα’.
308 4059 396 4126 utque]
410 4069 437 4112 ct
450 4063 474 4112 1.
591 4062 624 4115 tt
637 4069 766 4115 tormento
780 4066 795 4117 l
808 4063 895 4126 dsst.,·
910 4067 1062 4113 tormentum
1075 4075 1101 4122 a,
1117 4067 1255 4110 tormento·

129 4148 187 4185 rem
200 4134 235 4197 1,·
249 4141 440 4191 tormentumne
452 4154 480 4189 u.
541 4152 544 4157 ’
657 4141 686 4192 ll
702 4140 872 4193 communiuit
884 4155 900 4189 a
910 4139 940 4202 1,
956 4137 1106 4188 communiit
1117 4153 1145 4188 u.

131 4212 164 4267 ll
177 4213 288 4267 deornm
301 4216 372 4268 milis
385 4232 412 4280 n,
427 4218 477 4269 nuo
489 4218 563 4270 milia
575 4218 650 4271 ‘mse
661 4220 805 4286 plsn'qas'.
957 4217 990 4271 20
1003 4217 1213 4283 repperiebamus
1228 4236 1255 4270 a.

240 4287 272 4341 tt
289 4285 348 4339 Vel.
361 4304 388 4338 o.
528 4290 585 4343 eins
598 4306 650 4343 nm.
665 4307 688 4342 c.
817 4292 851 4348 22
864 4292 988 4342 militaria
1001 4306 1046 4342 sex
1060 4307 1076 4341 a
1089 4293 1255 4360 Stephanus,

131 4380 180 4417 sex
193 4364 321 4416 militsris
334 4370 438 4417 ceteras
451 4367 512 4419 edd.
635 4371 669 4424 tl
682 4371 725 4437 qui
741 4371 765 4420 1.
897 4377 1070 4437 quattuorque
1084 4387 1111 4437 a,
1126 4388 1179 4423 non
1193 4390 1256 4441 qus·

131 4448 255 4506 tuorqns.
361 4445 396 4500 21
408 4445 517 4511 periculi
530 4448 633 4498 omma
646 4448 806 4513 copulans.
923 4445 1029 4499 adferre
1041 4462 1069 4497 a.
1186 4452 1257 4501 milla

131 4520 288 4584 sagittarum
300 4522 409 4574 circiter
420 4522 484 4589 m]
499 4531 602 4575 centum
616 4540 648 4575 so
666 4525 777 4588 triginta
795 4524 867 4575 milia
880 4524 993 4576 Seston.
1010 4524 1089 4577 Caes.
1104 4525 1146 4577 18.

130 4603 164 4657 27
177 4601 316 4653 castellum
328 4617 355 4654 a.
476 4605 683 4670 contestante.
815 4611 1048 4655 renumeraneruut
1060 4603 1202 4666 Scaligm
1216 4617 1256 4652 re-

132 4689 341 4733 munersusrunt
353 4696 370 4731 u
382 4686 410 4733 st
421 4685 462 4733 ss'e
473 4688 523 4733 aut
537 4684 682 4737 ‘numeram
696 4682 846 4732 rsunnrinu.
862 4696 925 4732 mss.
940 4681 1070 4746 quidum’.
