2646 5124
90 750 235 835 seriptum
251 749 377 827 luisset,
401 745 471 811 inde
492 746 524 810 in
545 744 674 831 integris
688 744 775 809 oodd.
802 750 957 830 ‘pugnant
977 744 1055 828 qno’
1077 744 1217 811 affeetu·

91 872 160 917 esse
175 850 351 917 incredibile
366 860 425 915 est.
456 846 561 932 ltaque
578 848 671 912 uerba
687 856 841 933 ‘pugnant
853 850 928 931 quo’
942 848 977 911 in
989 848 1097 912 codiee
1111 848 1217 913 noto

92 965 163 1040 typo
178 954 308 1039 ascripta
323 973 391 1017 esse
407 952 538 1016 arbitror
552 950 589 1013 ad
605 950 741 1034 proxima
756 950 915 1035 superiore
938 948 1098 1015 ‘omnibus
1120 949 1153 1015 in
1171 948 1216 1013 lo·

91 1058 145 1123 cis'
156 1056 346 1143 explicanda,
363 1055 490 1119 barbara
499 1056 637 1119 oratioue
646 1075 699 1140 pro
707 1054 774 1118 bist
793 1052 855 1117 ‘ubi
871 1050 1029 1139 pugnent'a
1041 1052 1113 1117 inde
1127 1070 1215 1117 ιιι-

91 1160 199 1243 gistro,
216 1159 403 1243 elegantiore
418 1158 550 1235 bomine,
569 1158 724 1223 ‘omnibus
739 1156 815 1221 loeis
829 1156 960 1242 puguae’
975 1156 1119 1221 ed'eeturn
1133 1174 1214 1221 essu.

90 1260 172 1327 Idem
188 1262 336 1327 accidisse
352 1258 422 1339 vll,
440 1258 483 1325 ³8
496 1258 649 1325 Wbittius
663 1260 824 1325 intellexit.
862 1256 908 1324 lbi
923 1262 954 1345 5.
972 1258 990 1323 Ι
1005 1259 1138 1323 relatum
1150 1266 1216 1323 erut

90 1364 264 1430 Litanionm
280 1364 414 1429 Haeduis
429 1362 598 1427 affirmasse
613 1383 732 1427 omnem
747 1382 851 1426 eorum
866 1362 1063 1447 equitatum
1079 1358 1215 1427 Caesae

89 1470 270 1536 trucidatum
286 1476 459 1553 essentque
475 1465 532 1528 buo
546 1484 600 1529 eos
615 1465 652 1529 ab
667 1464 724 1543 iis,
741 1465 790 1548 qni
810 1485 853 1529 ex
867 1466 961 1529 mede
978 1464 1150 1548 fugissent,
1166 1484 1214 1529 uo·

90 1594 238 1657 gnoscere
258 1571 395 1635 iussisse.
444 1565 560 1631 Deinde
574 1567 604 1649 ἓ.
621 1566 642 1630 Ι
657 1567 688 1630 in
709 1567 837 1652 integris
857 1568 945 1631 codd.
961 1566 1037 1631 bueo
1051 1566 1211 1651 leguntura,

93 1675 313 1761 ‘prodneuntur
326 1672 360 1749 ii,
378 1689 453 1751 qnos
469 1667 519 1732 ille
529 1668 702 1745 edocuerat,
720 1669 862 1753 quaedioi
873 1669 977 1748 uellet,
994 1680 1086 1752 atque
1097 1668 1212 1743 aden,

90 1774 335 1860 quaeLitauions
346 1771 607 1856 pronuntiauerat,
624 1772 807 1836 multitudini
819 1782 993 1856 exponuuta
1009 1770 1123 1835 multoe
1134 1769 1214 1859 equi·

90 1887 138 1940 tes
162 1874 352 1939 Haeduorum
381 1872 567 1938 interleutos'
597 1883 690 1951 cett,
721 1875 753 1938 in
784 1875 971 1960 interpolatis
1000 1874 1148 1959 seriptum
1168 1881 1216 1937 eat

92 1987 209 2042 ‘omnes
225 1975 362 2059 equites'.
395 1972 455 2039 Sed
473 1976 528 2039 boo
544 1977 687 2062 magistro
703 1978 816 2055 deberi,
843 1978 893 2061 qui
907 1976 1139 2063 repugnantiam
1151 1972 1216 2041 nni-

90 2080 313 2157 maduerterat,
330 2078 400 2143 inde
415 2088 530 2143 eertum
546 2090 613 2155 est,
637 2080 715 2164 quod
729 2080 761 2143 in
776 2101 836 2144 uno
849 2080 1119 2163 interpolatorum,
1142 2076 1216 2145 Sa·-

91 2183 244 2267 ligeraoo,
264 2178 396 2246 ‘multos’
411 2192 566 2245 seruatum
583 2191 630 2245 est
644 2182 731 2265 eique
749 2183 876 2247 ‘omnes'
892 2182 1066 2266 ascriptum.
1113 2178 1216 2265 Quum

91 2296 120 2350 et
136 2285 177 2349 ibi
192 2294 276 2349 reete
292 2282 447 2348 Wbittins
463 2284 592 2365 ‘equites
607 2282 811 2349 Haeduorum'
831 2283 1022 2350 scribendum
1037 2304 1109 2349 esse
1123 2282 1216 2368 sigui·

91 2388 204 2465 liuauit,
222 2397 253 2453 et
268 2408 305 2452 eo
321 2386 399 2463 looo,
417 2405 436 2447 a
451 2406 509 2468 quo
525 2386 652 2470 digressi
665 2409 780 2466 snmus,
799 2388 956 2474 legendnm
964 2397 1013 2451 est
1027 2386 1216 2452 ‘omnibuuin

90 2491 166 2556 loeis
182 2512 216 2556 se
231 2488 406 2575 legionariis
421 2487 564 2551 militibus
580 2488 790 2572 praelement’.

175 2693 247 2759 Lib.
272 2691 338 2773 ΙΙΙ,
368 2689 400 2770 9,
432 2689 454 2756 3
482 2692 742 2777 interpolationem
772 2694 879 2759 dudum
909 2695 1064 2780 explosam
1092 2693 1218 2761 reduxit

91 2794 307 2861 Schneiderus.
349 2793 393 2857 lbi
409 2795 497 2858 itain
513 2796 599 2857 eodd.
617 2799 842 2880 scriptumest:
876 2797 1007 2863 ‘Veneti
1022 2797 1217 2882 reliquaeque

91 2898 163 2963 item
179 2898 318 2961 ciuitates
333 2897 454 2979 cognito
463 2892 606 2960 Caesaris
621 2899 752 2961 aduentu
763 2901 910 2964 certiores
926 2902 1007 2976 l'aoti,
1024 2900 1113 2964 simul
1125 2900 1215 2985 qood,

91 3012 233 3083 quantum
253 3000 285 3063 in
300 3017 333 3061 se
349 2997 465 3061 lacinus
481 2998 691 3079 admisissent,
720 3001 936 3086 intellegebant
958 3005 1114 3086 (legatos,
1138 3002 1219 3087 quod

92 3122 203 3167 nomen
224 3101 260 3164 ad
282 3121 386 3165 omnes
409 3100 547 3165 nationes
562 3112 697 3165 sanctuni
713 3102 946 3187 inuiolatumque
961 3126 1081 3189 semper
1095 3106 1216 3183 fuisset,

91 3215 228 3269 retentos
250 3225 268 3267 a
290 3222 324 3267 oe
340 3214 370 3267 et
384 3203 415 3268 in
431 3204 549 3269 uinoula
566 3205 762 3286 coniectos),
788 3226 842 3289 pro
866 3208 1070 3292 magnitudine
1090 3206 1218 3289 periculi

91 3308 200 3373 bellum
217 3327 324 3391 parare
339 3307 521 3373 instituunt'.
547 3306 649 3373 Verba
666 3318 764 3372 autem
780 3308 832 3373 illa
849 3311 1008 3373 ‘certiores
1021 3307 1102 3373 laeti’
1118 3310 1152 3373 iu
1167 3310 1215 3373 ed.

91 3408 231 3476 Floreat.
255 3434 284 3477 a.
312 3408 396 3475 1508
416 3433 470 3494 pro
491 3412 602 3494 spuriis
625 3420 729 3473 notata
751 3410 820 3474 inde
841 3410 879 3473 ab
899 3411 978 3475 Aldo
1006 3412 1103 3475 eiecta
1130 3422 1215 3476 sunt.

94 3509 299 3577 Schneideuus
314 3513 403 3595 longa
418 3512 556 3575 oratione
572 3512 721 3575 delendit=
740 3513 792 3575 sed
807 3534 920 3583 summa
933 3516 1025 3578 totius
1040 3515 1219 3598 disputatio-

94 3613 141 3676 nis
157 3612 230 3675 baeo
246 3624 312 3690 est,
335 3625 369 3677 ut
391 3614 538 3679 certiores
555 3613 650 3676 laotos
666 3611 693 3674 V
696 3625 803 3679 enetos
818 3617 861 3679 ita
875 3617 933 3680 dici
949 3627 1051 3700 putet,
1076 3617 1218 3699 quemad·

94 3714 213 3778 modum
229 3716 391 3779 uernacule
407 3716 525 3778 dioatur
541 3715 604 3778 ‘sie
620 3716 781 3795 erlubren,
807 3739 912 3780 woran
929 3719 975 3781 sie
990 3720 1119 3781 waren’.
1151 3717 1216 3799 En,

93 3815 211 3899 quicum
227 3814 318 3879 mices
334 3815 365 3879 in
382 3814 532 3880 tenebris!
566 3812 638 3880 ‘sie
654 3817 812 3882 erlnhren'
828 3821 937 3895 uideo,
955 3820 1070 3898 alubi,
1089 3841 1107 3883 o
1123 3821 1217 3900 boue,

95 3927 143 3981 est
157 3915 229 3981 illud
248 3924 371 3983 ‘woran
385 3919 432 3982 sie
447 3920 585 3983 wuren’l
619 3918 823 3985 Grammatico
839 3921 943 3985 borum
959 3923 1120 3987 uerborum
1137 3924 1219 3987 ratio

93 4019 212 4082 delendi
229 4030 338 4102 potest,
356 4021 381 4085 si
398 4021 499 4106 priora
516 4023 648 4104 ‘cognito
665 4017 808 4087 Caesaris
824 4024 971 4089 aduentn’
988 4047 1047 4088 non
1062 4025 1098 4088 ad
1114 4024 1220 4091 Vene-

94 4131 140 4185 tos
157 4123 327 4199 referimus,
345 4124 396 4187 sed
413 4143 467 4205 per
480 4144 514 4186 se
530 4123 607 4187 dicta
623 4126 784 4190 statuimus
800 4132 847 4203 (ut
862 4127 928 4190 bor.
945 4148 1052 4190 eumm.
1071 4124 1103 4190 ΙΙ
1112 4174 1122 4206 ,
1139 4128 1179 4205 4,
1195 4128 1220 4193 2

94 4223 189 4287 uerba
205 4225 298 4289 ‘omni
314 4222 412 4289 Gallia
430 4225 551 4289 uexata’
568 4237 598 4290 et
613 4227 642 4290 b.
661 4229 720 4293 eiu.
738 4226 794 4307 ΙΙΙ,
812 4227 865 4305 38,
883 4229 903 4291 4
928 4230 1070 4312 ‘cognitis
1085 4230 1219 4295 insidiis'

94 4345 155 4388 non
169 4325 205 4387 ad
222 4326 356 4390 subiecta
373 4327 518 4391 enuntiati
533 4328 628 4393 relata
643 4337 740 4416 sunt),
758 4332 913 4396 intellecto
925 4342 1022 4396 antem
1040 4332 1220 4414 pronomine

94 4426 331 4491 demonstratiuo
353 4429 497 4493 certiores
521 4432 616 4495 laetos
640 4432 775 4497 Venetus
798 4436 834 4495 de
856 4435 921 4517 ipso
937 4434 988 4496 illo
1005 4429 1149 4498 Caesaris
1164 4435 1219 4498 ad·

95 4538 187 4591 uentu
210 4529 436 4608 existimamus,
461 4531 517 4595 hoo
537 4536 645 4613 modo,
667 4548 701 4598 nt
724 4536 886 4599 nernaoule
908 4536 1023 4614 dicam,
1050 4536 1217 4600 ‘naehdem

95 4625 228 4697 Caesars
243 4634 370 4698 anlunlt
384 4634 514 4699 bekannt
535 4638 699 4721 geworden
721 4659 799 4715 war,
823 4639 921 4701 dauon
943 4637 1214 4722 beneolariobtigt'.
