2646 5124
48 34 1178 77 *ΙΙ-ᾖ

509 291 792 355 -7-

86 487 149 530 rum
163 483 231 529 esse
246 464 381 527 confisus
396 463 469 527 esti
498 459 594 545 Quam
609 464 710 549 inepte
729 478 830 532 autem
846 466 965 535 idirtius
986 472 1077 556 epist.
1093 479 1132 543 ad
1147 477 1221 547 Bal.

90 570 151 633 hum
164 571 195 652 δ.
212 575 233 635 6
248 564 416 633 Canarem
438 567 672 631 commentarios
695 570 853 637 celerrime
873 573 1076 661 facillimeque
1096 600 1219 669 eompu-

91 674 177 737 ruisse
192 670 397 755 praedicaret,
415 670 442 732 si
456 670 484 732 is
496 671 598 733 omnia
613 670 673 733 iam
686 671 840 737 habuisset
849 674 882 738 in
894 674 1135 760 ephemeridibus
1149 706 1218 769 per-

96 776 212 858 scripta,
239 793 391 856 quamque
406 792 551 856 peruerse
567 774 644 837 idern
661 777 690 857 ς.
709 772 730 838 8
746 789 923 857 quereretur
937 779 993 842 sihi
1008 802 1060 845 res
1076 784 1217 851 Alexan-

98 880 166 942 drino
181 889 214 941 et
228 877 379 940 Africano
394 875 474 940 hello
490 887 593 961 gestas
609 898 751 940 sermone
766 888 882 941 tantum
897 876 1042 947 Caesaris
1066 906 1108 949 ex
1129 900 1216 971 parte

100 993 168 1044 rotas
182 1000 274 1056 esse,
299 981 326 1042 si
342 980 583 1063 ephemeridibus
605 976 776 1043 aCaesare
797 981 829 1044 in
852 982 919 1065 ipso
940 983 1018 1049 hello
1040 991 1215 1073 compositis

101 1084 133 1146 nti
152 1083 317 1167 potuisset,
342 1104 382 1146 ne
402 1083 616 1147 animaduertit
639 1082 770 1164 quidem.
824 1083 875 1146 An
898 1085 1023 1151 latuisse
1044 1109 1098 1153 eos
1120 1090 1215 1155 iihros

101 1185 348 1249 hniliarissimum
364 1180 509 1251 Caesaris
532 1207 630 1269 neque
653 1187 681 1248 ei
705 1186 750 1247 his
767 1185 811 1246 uti
827 1205 1008 1249 conoessum
1024 1191 1139 1268 inisse,
1163 1204 1215 1255 ant

101 1284 246 1353 dsesarem
262 1289 294 1352 in
310 1286 409 1352 Gallia
426 1289 632 1372 ephemerides
648 1287 868 1371 composuisse,
886 1297 993 1371 postea
1007 1293 1216 1372 supersedisse

100 1392 288 1456 existimauit?
317 1387 401 1454 Saue
416 1413 574 1455 mensuras
589 1391 750 1467 itinerum,
774 1389 939 1467 montium,
968 1391 1143 1470 huminum,
1161 1416 1216 1457 nu·

99 1514 181 1559 seros
196 1494 385 1577 captiuorum
400 1503 433 1556 et
447 1493 675 1556 interfectorum
692 1512 731 1555 ne
746 1514 803 1575 ego
819 1492 938 1574 quidem
955 1494 1047 1557 oredo
1070 1496 1135 1560 sola
1152 1518 1214 1561 me-

96 1598 175 1661 soria
196 1597 361 1661 Caesarem
383 1594 536 1658 custodire
560 1596 715 1679 potuisse,
739 1594 792 1658 sed
814 1594 891 1657 idem
916 1594 989 1659 haee
1011 1617 1079 1660 enm
1099 1598 1209 1681 ipsum,

96 1699 149 1763 dnm
163 1721 213 1765 res
229 1709 373 1784 gereret,
390 1698 620 1782 perscripsisse,
645 1698 703 1760 nisi
720 1707 803 1760 eerto
818 1698 989 1762 testimonio
1005 1701 1212 1784 eomprohahi-

96 1813 145 1879 tnr,
160 1824 221 1866 non
236 1803 333 1887 magis
349 1801 481 1864 credam.
506 1798 586 1865 iduie
602 1801 681 1864 enirn
697 1800 819 1883 negotio
833 1800 933 1863 seriha
944 1800 1051 1883 aliquis
1065 1823 1120 1886 par
1131 1816 1210 1879 erat,

95 1907 219 1970 etmndto
234 1918 284 1970 est
298 1904 489 1969 uerisimilius
504 1902 556 1965 tadi
573 1902 684 1966 homini
701 1903 731 1965 id
746 1903 915 1966 mandatnm
931 1924 1012 1981 esse,
1030 1924 1118 1988 quam
1131 1900 1212 1968 Cae-

96 2028 182 2073 sarem
204 2011 232 2073 ei
251 2009 296 2073 rei
318 2008 399 2070 inter
420 2026 551 2069 summas
574 2005 787 2089 oeenpatioues
809 2025 949 2069 measse.
984 2002 1046 2069 Sed
1062 2006 1155 2071 muita
1170 2028 1212 2071 er

97 2110 145 2175 hoe
155 2132 266 2194 genere
281 2112 314 2174 in
330 2108 463 2194 publicas
478 2107 614 2170 rationes
628 2128 646 2169 a
662 2117 823 2189 quaestore
838 2106 1052 2170 referebantur
1065 2113 1110 2187 (et
1124 2109 1213 2173 tahn·

94 2214 130 2278 hs
143 2215 172 2278 iu
187 2212 397 2279 Heluetiorum
413 2211 521 2275 eastris
537 2219 676 2293 repertas
693 2210 822 2292 itemque
838 2230 963 2285 eorum,
981 2210 1031 2291 qui
1047 2209 1210 2274 sectionem

94 2318 178 2403 oppidi
193 2318 423 2380 Aduatueornm
440 2313 604 2389 emissent,
632 2312 718 2376 adse
733 2312 844 2376 relatos
860 2332 929 2375 esse
946 2307 1065 2375 Caesar
1079 2310 1110 2375 h.
1128 2310 1210 2375 (tatt.

93 2415 113 2496 i,
126 2418 165 2483 29
179 2432 214 2485 et
228 2416 272 2496 lt,
290 2416 333 2482 tt
347 2429 430 2482 extr.
448 2417 679 2497 demonstrat),
704 2435 865 2478 mensurae
879 2414 1024 2478 itinerum
1040 2414 1108 2479 siue
1122 2414 1211 2478 duhio

94 2526 266 2607 tpmeieeto
281 2531 448 2585 castrorum
464 2518 698 2581 annotahantnr.
738 2516 782 2579 Et
798 2527 896 2582 tamen
911 2517 978 2601 quis
994 2538 1055 2580 nun
1071 2516 1154 2582 uidet
1167 2532 1212 2580 ta-

95 2623 157 2689 hhss
169 2626 265 2690 rehns
280 2624 416 2687 hreniter
430 2620 542 2685 notetis
557 2620 669 2683 nullum
693 2620 828 2705 potuisse
847 2620 993 2684 eiusmodi
1014 2620 1122 2684 librum
1139 2642 1212 2683 eon-

98 2728 150 2805 hei,
171 2729 293 2812 quadem
309 2738 341 2790 et
356 2723 483 2790 Seruios
498 2735 530 2787 et
545 2720 747 2787 Schneiderns
770 2724 785 2809 (
793 2745 822 2807 p.
847 2722 911 2804 32)
933 2724 989 2787 has
1004 2723 1212 2807 ephemerides

99 2830 175 2895 iniere
189 2829 304 2915 opinati
319 2829 410 2892 sont?
452 2825 517 2889 lies
540 2836 640 2909 gestas
662 2836 783 2903 antem,
807 2826 1052 2911 quemadmodum
1077 2828 1107 2890 in
1130 2847 1213 2889 eont-

102 2933 239 2997 ueutsriis
252 2942 437 3008 sanantur,
461 2930 519 2993 nisi
535 2924 700 2993 Caesarem
717 2929 861 2991 memoria
876 2939 981 2993 tenere
997 2928 1130 3010 potuisse
1146 2947 1214 2991 ere-

103 3032 206 3111 derem,
226 3034 263 3099 iis
279 3054 399 3118 quoque
415 3035 487 3097 fides
503 3041 585 3096 esset
600 3030 794 3112 deneganda,
817 3030 867 3111 qni
883 3051 1032 3093 summum
1047 3030 1114 3091 eius
1129 3029 1214 3111 inge·

101 3135 164 3200 uum
177 3138 316 3201 daudihus
332 3138 482 3201 tulerunt:
501 3130 646 3197 mediocri
660 3129 742 3193 enim
758 3131 903 3193 mensoria
918 3128 955 3192 sd
972 3128 1050 3193 hune
1064 3150 1127 3193 rem
1139 3150 1214 3215 opus

102 3250 161 3302 erat.
197 3238 281 3303 Nam
303 3240 370 3325 ipsa
393 3240 550 3303 multorom
573 3234 667 3298 uerba
691 3254 759 3296 enm
782 3242 924 3297 aeenrate
946 3231 1066 3296 tradere
1080 3231 1213 3297 uoinisse

100 3342 152 3423 quis
170 3344 290 3406 tandem
313 3342 373 3406 sihi
395 3339 570 3425 persuaderi
600 3338 778 3422 pateretur?
818 3333 984 3399 Enimuero
1006 3356 1073 3399 eum
1095 3330 1213 3399 Caesar

99 3448 243 3528 quotannis
259 3447 296 3509 de
311 3444 403 3509 rebus
423 3443 516 3530 gestis
539 3442 577 3505 ed
597 3447 735 3503 senatum
750 3440 895 3516 referret,
918 3458 994 3525 quas
1017 3437 1161 3521 epistolas
1183 3446 1213 3499 et

99 3545 151 3631 ipse
164 3548 311 3611 extremis
327 3547 411 3611 dihris
428 3544 478 3625 11,
495 3544 552 3622 lV,
579 3539 639 3609 vlt
662 3543 699 3604 de
719 3541 797 3604 heddo
813 3539 929 3604 Gallieo
952 3549 1169 3603 commemorat
1184 3548 1214 3600 et

99 3650 179 3714 editas
194 3651 291 3714 fnisse
304 3647 469 3714 Suetonius
485 3657 625 3723 testatur,
641 3644 723 3709 etad
738 3644 852 3708 amieos
866 3643 948 3707 iuter
962 3643 1028 3727 ipsa
1051 3640 1128 3703 hehe
1151 3639 1214 3722 epi·

98 3754 179 3817 stodes
191 3753 337 3830 mitteret,
354 3773 429 3837 quus
440 3752 522 3834 ipsas
533 3769 651 3833 quoqne
663 3747 758 3811 editas
770 3766 838 3809 esse
853 3746 976 3823 seimus,
993 3743 1084 3828 legati
1099 3750 1212 3812 autem,

97 3856 202 3938 siquid
224 3855 349 3919 ahsente
371 3850 508 3919 Caesare
528 3861 687 3935 gererent,
712 3848 842 3915 tutiori
864 3868 925 3910 non
946 3847 1059 3931 possit,
1082 3843 1153 3925 quin
1179 3841 1215 3901 sd

97 3978 153 4023 eum
169 3957 424 4043 perscripserim,
440 3958 511 4022 item
527 3976 593 4021 eunt
610 3952 743 4039 publicas
758 3951 891 4015 rationes
907 3949 1051 4025 haberet,
1077 3966 1114 4009 ea
1128 3962 1217 4026 prae·

95 4061 160 4126 sidia
175 4064 346 4126 litterarum
362 4056 491 4124 Caesari
506 4058 675 4143 suppetisse
689 4065 833 4139 apparet,
849 4063 900 4127 ut,
923 4051 972 4134 qui
988 4070 1056 4113 enm
1072 4046 1118 4110 his
1134 4043 1218 4107 adin·
1265 4076 1276 4123 t

95 4174 149 4229 ism
171 4184 354 4248 eomponere
376 4160 607 4227 commentarios
630 4168 697 4244 post
718 4156 852 4239 quamuis
881 4155 1003 4236 longum
1026 4161 1144 4231 ternpus
1165 4166 1219 4226 po-

94 4269 183 4333 tuisse
199 4266 342 4351 negabit,
365 4266 392 4329 is
406 4266 464 4329 sihi
480 4262 610 4330 Claudio
625 4262 725 4345 aliquo
740 4254 963 4323 obliniosiorem
980 4249 1147 4317 Caesarem
1163 4245 1219 4306 iin-

94 4382 140 4455 qut
159 4389 291 4437 neeesse
310 4369 362 4434 sit.
391 4366 517 4453 ,Neque
537 4364 652 4433 firmius
679 4361 805 4446 reliquis
831 4354 1018 4443 argumentis
1047 4359 1112 4426 est,
1140 4344 1220 4432 quod
