2646 5124
440 110 581 177 contar.
603 112 629 178 v
653 110 746 177 cim.
768 113 870 177 1-2.
1219 125 1282 193 349

93 282 282 368 formamque
303 285 498 347 demonstrat.
531 285 580 348 Ad
603 286 788 347 celeritatem
819 290 962 351 onerandi
992 290 1223 360 subductiones-

88 407 154 472 que
174 389 263 475 paulo
287 388 359 450 lacit
374 387 568 465 humiliores,
592 409 679 471 quam
696 388 803 470 quibus
818 388 849 451 iu
872 402 977 454 nostro
999 394 1075 456 mari
1091 396 1134 459 uti
1150 418 1223 461 con-

85 493 262 571 sueuimus,
278 501 369 574 atque
384 492 416 555 id
430 511 467 553 eo
483 491 589 576 magis,
606 494 683 573 quod
701 505 824 578 propter
842 492 966 559 crebras
973 497 1223 563 commutationes

84 606 230 661 aestuum
245 593 346 657 minus
360 614 487 677 magnos
500 594 542 657 ibi
556 594 664 660 fluctus
680 596 744 659 lieri
770 605 973 681 cognouerat,
995 597 1033 661 ed
1053 620 1167 679 onere,
1183 604 1222 669 ad

87 699 318 765 multitudinem
340 696 541 761 iumentorum
564 699 825 782 transportandam
859 698 946 781 paulo
968 698 1110 778 latiores,
1134 725 1220 787 quam
1290 722 1306 753 0

87 802 199 887 quibus
214 801 248 865 in
263 800 389 884 reliquis
405 800 515 863 utimur
532 801 675 865 maribus.
723 800 787 864 llas
810 822 914 865 omnes
931 804 1080 865 actuarias
1094 805 1221 889 imperat
1236 808 1257 873 3

86 906 172 984 fieri,
188 925 280 989 quam
295 904 413 967 adrem
428 902 552 967 multum
568 903 718 968 humilitas
735 904 868 967 adiuuat.
898 900 958 981 Ea,
976 926 1053 987 quae
1068 919 1139 970 suut
1154 909 1257 974 usuil

87 1008 128 1073 ad
142 1009 307 1071 armandas
322 1027 429 1083 naues,
447 1026 489 1071 cs
497 1004 641 1089 Hispania
656 1007 809 1089 adportari
825 1005 919 1068 iubet.
938 1003 1006 1090 lpse
1022 1011 1221 1075 conuentibus
1235 1011 1257 1076 5

88 1107 210 1175 Galliae
218 1110 371 1175 citerioris
387 1110 518 1192 peractis
533 1110 563 1173 iu
573 1106 723 1194 lllyricum
740 1109 950 1192 proficiscitur,
968 1111 1046 1191 quod
1062 1109 1220 1178 aPirustis

89 1212 255 1277 finitumam
270 1223 388 1297 partem
404 1211 578 1295 prouinciae
593 1211 818 1276 incursionibus
840 1212 955 1275 uastari
977 1212 1127 1277 audiebat.
1170 1214 1219 1280 Eo
1233 1215 1257 1281 6

94 1336 164 1379 cuna
178 1316 323 1393 uenisset,
342 1314 516 1378 ciuitatibus
531 1313 640 1377 milites
654 1314 782 1400 imperat
798 1326 970 1397 certumque
985 1315 1016 1377 in
1031 1316 1130 1380 locum
1146 1340 1219 1382 eon·

92 1417 202 1483 uenire
215 1418 310 1483 iubet.
357 1413 426 1498 Qua
450 1438 484 1479 re
507 1418 644 1481 nuntiata
658 1415 798 1481 Pirustae
814 1416 930 1501 legatos
945 1417 982 1480 ad
997 1438 1064 1481 eum
1080 1421 1215 1499 mittunt,
1231 1422 1253 1487 7

93 1518 145 1602 qui
167 1520 292 1585 doceant
315 1519 392 1583 nibil
412 1540 516 1583 eamn
538 1540 641 1583 rerum
657 1519 775 1604 publico
790 1520 898 1583 lactum
915 1519 1060 1597 consilio,
1088 1543 1217 1606 seseque

94 1632 217 1705 paratos
239 1642 307 1686 esse
330 1623 535 1686 demonstrant
554 1621 691 1685 omuibus
714 1621 882 1685 rationibus
905 1622 941 1685 de
963 1623 1080 1687 iniuriis
1096 1626 1216 1689 satisla·

91 1743 177 1787 eere.
210 1721 355 1808 Percepta
369 1724 506 1788 oratione
522 1746 624 1788 corum
641 1720 758 1788 Caesar
775 1725 894 1788 obsides
910 1725 1036 1807 imperat
1052 1746 1164 1809 eosque
1179 1728 1216 1790 ad
1231 1727 1252 1793 8

94 1836 214 1889 certam
235 1826 313 1889 dem
333 1826 437 1891 adduci
459 1827 560 1906 iubet3
585 1827 644 1891 nisi
666 1828 709 1891 ita
725 1828 868 1904 feceriut,
886 1846 956 1891 sese
970 1827 1049 1891 bello
1065 1828 1216 1892 ciuitatem

95 1937 328 2012 persecuturum
342 1929 536 1993 demonstrat.
578 1928 620 1993 lis
636 1930 672 1993 ad
689 1930 766 1994 diem
782 1930 936 2008 adductis,
953 1940 986 1992 ut
1001 1928 1215 2011 imperauerat,
1231 1930 1253 1995 0

95 2029 229 2093 arbitros
251 2030 333 2093 inter
351 2032 489 2096 ciuitates
504 2033 573 2109 dat,
598 2033 648 2114 qui
662 2032 744 2097 litem
760 2042 929 2097 nestumeut
944 2052 1129 2115 poenamque
1144 2052 1217 2096 con·

97 2133 232 2197 stituant.
278 2132 335 2197 llis
357 2135 504 2199 conlectis
525 2133 615 2199 rebus
631 2136 889 2218 conuentibusque
904 2135 1034 2218 peractis
1050 2134 1081 2195 in
1097 2134 1253 2205 cumin-2

67 2244 73 2291 t
97 2254 159 2299 rem
172 2232 304 2299 Galliam
316 2237 483 2303 reuertitur
497 2248 587 2322 atque
600 2237 671 2301 iude
686 2240 723 2301 ad
738 2238 908 2301 exercitum
924 2236 1135 2320 proficiscitur.
1167 2236 1216 2302 Eo
1229 2238 1252 2303 2

100 2339 331 2419 conuenisset,
355 2341 491 2405 circuitis
514 2341 651 2405 omnibus
666 2340 800 2405 bibernis
816 2338 962 2423 singulari
978 2338 1102 2403 militum
1117 2341 1216 2405 studio

102 2436 255 2507 insama
275 2444 409 2507 omnium
428 2464 528 2507 rerum
548 2443 650 2527 inopia
672 2444 794 2507 circiter
813 2453 976 2507 sexcentas
998 2442 1064 2507 cius
1079 2444 1212 2527 generis,

106 2541 179 2607 erim
193 2566 286 2632 supra
301 2547 590 2624 demonstrauimus,
615 2567 709 2610 naues
732 2558 762 2611 ct
785 2547 891 2630 longas
906 2556 1017 2609 ututur
1038 2548 1156 2611 inuenit
1170 2549 1215 2612 in·

109 2654 225 2711 metas
241 2669 342 2733 neque
364 2650 488 2713 multum
510 2649 617 2713 abesse
632 2649 669 2711 ab
685 2670 742 2725 co,
767 2649 838 2730 quin
861 2650 961 2731 paucis
984 2648 1087 2713 dicbus
1109 2650 1215 2713 deduci

72 2744 100 2799 Ἃ
112 2749 221 2825 possint.
252 2748 452 2816 Conlaudatis
467 2752 610 2816 militibus
626 2760 717 2833 atque
731 2751 787 2827 iis,
806 2751 854 2833 qui
870 2751 992 2833 negotio
1009 2754 1214 2832 praefuerant,
1231 2749 1252 2813 3

116 2848 167 2926 toll
181 2853 245 2917 lieri
261 2854 354 2934 uelit,
378 2855 511 2920 ostendit
529 2866 619 2938 atque
642 2874 746 2917 omues
761 2853 799 2916 ad
814 2862 932 2937 portum
947 2849 1037 2914 Itium
1052 2850 1217 2915 conuenire

208 3109 219 3161 l
235 3110 452 3178 demonstrante,
466 3114 692 3165 demonstrantem
798 3113 860 3165 led
874 3124 964 3174 onere,
979 3109 1012 3159 ad
1025 3109 1216 3162 multitudinem

122 3178 148 3245 lt
159 3188 189 3239 ed
201 3204 281 3241 onera
292 3198 320 3243 et
332 3193 366 3244 nd
378 3194 569 3245 multitudinem
581 3208 615 3258 n,
633 3192 682 3243 sed
703 3193 782 3242 ‘men
802 3194 897 3242 cureat
911 3196 954 3253 et,
966 3188 1022 3238 nla‘e'
1033 3187 1075 3250 ad,
1089 3190 1118 3238 a'n
1132 3188 1147 3238 b
1160 3189 1214 3240 ια’.

205 3267 310 3334 ῦμῑιΙο
323 3268 433 3320 altiores
447 3271 484 3321 be
500 3270 587 3335 (paulo
605 3269 714 3320 latiores
727 3271 810 3318 etium
821 3268 956 3318 Priscian.
965 3280 996 3330 p.
1011 3264 1062 3317 tto
1075 3264 1130 3330 lb).

122 3346 176 3398 lu!
185 3344 276 3410 {nibus
288 3346 317 3397 in
329 3347 439 3413 reliquis
453 3347 551 3398 utimur
562 3347 677 3399 maribus
684 3348 820 3398 Priscian.
831 3345 878 3412 (B)
893 3347 966 3397 ‘mee
981 3348 1036 3395 mei
1042 3345 1215 3410 quindecim,

124 3422 277 3489 monibus
288 3421 317 3474 in
330 3422 439 3490 reliquis
452 3424 568 3475 maribus
581 3424 620 3475 nti
632 3424 807 3475 adsueuerant
820 3422 908 3474 bede.
1016 3421 1181 3475 lndlnnabat
1191 3424 1215 3475 b.

201 3500 366 3568 tetpormrt
378 3500 413 3553 Β.
517 3502 534 3553 ll
547 3516 562 3553 ι
574 3502 667 3569 piratis
679 3502 699 3553 d
710 3508 738 3553 et
745 3518 798 3569 pra
810 3516 872 3553 uer.
887 3500 949 3551 leet.
963 3515 987 3551 c.
1078 3539 1096 3549 .
1116 3500 1148 3551 to
1161 3500 1218 3551 flui-

123 3570 191 3629 bn
201 3580 270 3631 An.
376 3597 407 3632 eo
421 3583 591 3635 conuenisset
601 3596 639 3633 m.
649 3596 696 3647 pr.
710 3582 743 3632 tt.
850 3580 883 3634 ta
894 3579 927 3630 ad
940 3593 997 3629 euna
1010 3578 1111 3642 legatos
1128 3578 1153 3628 b.

124 3642 144 3695 ll
152 3654 208 3707 sitit
216 3672 308 3710 eornm
322 3658 427 3725 publice
438 3660 476 3710 1).
582 3656 651 3709 laeto
666 3659 691 3709 b.
795 3672 876 3723 seque
889 3657 914 3707 b.
1027 3655 1057 3707 ll
1071 3654 1219 3705 redonibus

123 3734 189 3783 Μ
329 3735 360 3787 tt
376 3743 498 3804 percepta
510 3734 649 3799 Auen,
663 3739 772 3799 accepts
785 3733 878 3784 bede.
894 3731 958 3785 Vid.
972 3730 1025 3794 Vl,
1039 3732 1066 3795 8,
1081 3730 1106 3782 t.

123 3802 198 3860 “lone
208 3826 297 3863 eornm
312 3813 384 3864 too.
554 3814 585 3866 ll
599 3812 632 3863 lis
645 3812 669 3863 B
680 3811 786 3871 Aldus,
800 3811 840 3862 bis
853 3811 914 3862 edd.
926 3814 991 3860 ante
1002 3808 1067 3859 Ald.
1079 3807 1176 3873 Stepb.
1190 3824 1217 3860 u.

203 3888 234 3944 18
246 3891 382 3943 ciuitatem
395 3894 430 3945 A.
535 3890 791 3943 testamentABD.
902 3889 933 3941 to
946 3889 979 3939 iis
991 3884 1061 3938 conl.
1076 3886 1110 3937 B.

124 3968 282 4037 ‘omenque
293 3971 321 4022 A
328 3972 365 4023 D.
489 3967 613 4037 peractis]
627 3968 729 4035 paratis
741 3969 766 4019 b.
898 3968 931 4021 at
946 3982 1003 4018 eum
1015 3963 1181 4031 peruenisset
1194 3964 1220 4013 b.

203 4046 387 4099 eirenrnltieb.
468 4048 504 4102 22
515 4056 650 4099 sescentas
662 4060 699 4095 m.
708 4060 754 4110 pr.
768 4045 802 4096 B.
889 4042 1019 4107 23enins]
1034 4055 1098 4108 qens
1112 4040 1137 4090 b.

125 4102 191 4180 leam
201 4123 397 4189 duodetriginta
410 4123 457 4175 bn.
579 4121 671 4189 2lqui
682 4136 720 4171 ne.
730 4135 775 4185 pr.
790 4122 823 4172 B.
975 4120 1008 4174 25
1021 4112 1224 4186 possintABC

125 4180 157 4237 lt
165 4196 310 4266 pbmpae’,
325 4206 435 4267 possent
446 4216 464 4250 u
581 4196 744 4251 conlaudatis
757 4198 790 4248 B.
