2646 5124
502 574 806 643 ...17-

39 800 41 829 ,
102 766 147 810 ιιι
168 766 235 810 cum
258 743 463 831 peruenisset’
491 748 600 831 (ipsum
619 770 737 834 quoque
756 751 954 834 inusitatum,
973 759 1027 822 sed
1048 781 1109 826 non
1132 766 1224 832 nitio.

98 869 170 925 soor,
200 858 237 911 nt
258 846 429 932 arbitror),
462 859 534 927 aut,
557 850 584 913 si
608 852 656 915 cni
677 852 734 917 hoc
755 875 816 919 non
839 856 1033 939 probabitur,
1057 864 1085 928 ci
1106 865 1150 931 ita
1173 882 1223 935 esc

96 951 325 1028 tendandum,
349 960 384 1014 ιιι
406 951 511 1015 uitiu-
533 972 571 1015 ne
589 952 741 1038 importet.
772 954 883 1041 Neque
906 980 934 1023 c.
951 958 1006 1040 78,
1024 964 1045 1028 4
1060 986 1127 1030 cnm
1144 969 1220 1037 baec

93 1064 228 1138 poneret=
257 1050 361 1135 ‘Quod
387 1053 439 1118 ubi
461 1064 599 1137 coeptum
621 1066 670 1120 est
685 1057 762 1136 lieri,
787 1068 818 1122 ct
833 1062 919 1143 equis
934 1065 1092 1132 concitatis
1107 1066 1221 1139 loliani

90 1168 224 1240 npctom
251 1156 422 1230 iecissent’,
445 1156 607 1241 particulae
625 1158 696 1222 ‘obi'
721 1180 787 1223 eum
804 1162 1028 1228 coniunctiuum
1043 1168 1220 1239 adiunxisse

88 1262 175 1345 prime
189 1261 345 1325 enuntiati
361 1281 432 1345 pars
447 1260 553 1323 docet:
577 1260 629 1324 sed
652 1260 763 1324 oblitus
783 1262 865 1327 illios
881 1274 912 1328 et
928 1266 1017 1329 ‘cum'
1033 1274 1220 1355 seposuisse

87 1364 264 1428 usti-am
296 1366 334 1428 ad
364 1364 441 1427 bone
470 1364 597 1427 alterum
620 1362 747 1427 uerbum
771 1366 982 1432 conlormanit.
1015 1368 1060 1434 Ac
1081 1392 1109 1436 c.
1124 1372 1220 1454 θῌ

87 1467 219 1551 scripsit:
250 1473 423 1550 ‘postquam
444 1463 519 1529 luba
541 1475 611 1528 ente
632 1476 737 1550 portas
753 1466 802 1529 din
818 1467 1004 1552 moltumque
1018 1472 1115 1554 primo
1130 1477 1219 1541 minis

87 1570 193 1652 effl‘eoct
216 1590 288 1633 cnm
310 1566 529 1647 Zamensibus,
553 1568 641 1646 dein,
670 1588 737 1632 cnm
768 1588 803 1632 se
833 1589 937 1652 porum
963 1573 1110 1653 prolicere
1130 1577 1221 1641 intel·

85 1669 225 1750 lenisset,
252 1671 394 1753 precibus
416 1670 558 1743 orossetf.
588 1669 633 1736 Et
654 1670 757 1735 eodem
773 1671 871 1734 forma
886 1671 1017 1737 fortasse
1032 1696 1060 1738 c.
1078 1674 1134 1755 tu,
1151 1677 1172 1741 5
1188 1690 1220 1744 et

85 1772 138 1850 tt,
162 1772 184 1837 ⁴
210 1773 403 1837 restituenda
424 1784 490 1852 est,
514 1793 638 1857 quorum
663 1773 796 1837 locorum
818 1771 919 1857 priore
934 1773 966 1837 in
983 1775 1079 1842 tribus
1095 1781 1216 1862 optimis

84 1885 111 1939 ct
130 1874 252 1939 duobus
272 1875 473 1940 deterioribus
499 1877 585 1940 codd.
609 1876 683 1940 baec
699 1875 858 1958 leguntur:
886 1882 1054 1961 ‘postquam
1074 1877 1216 1967 Scipione

84 1978 206 2061 eiusque
231 1979 328 2062 copiis
351 2000 456 2062 eampo
480 1979 664 2062 collibusque
679 1977 849 2042 exturbatis
864 1989 956 2062 otqoe
969 1980 1003 2044 in
1017 1992 1117 2046 cestro
1132 2005 1215 2048 com·

63 2070 173 2163 ‘pulsis
199 2101 269 2144 enm
295 2081 431 2165 receptui
447 2076 564 2144 Caesar
581 2080 648 2144 cani
664 2078 834 2156 iussissct'‚
858 2080 955 2146 altero
970 2080 1217 2170 Oudendorpiom

85 2183 119 2246 de
139 2184 207 2248 onis
230 2182 317 2246 codd.
341 2194 426 2248 recte
447 2193 551 2247 tacere
573 2204 633 2246 non
649 2182 759 2261 credo,
791 2182 824 2245 in
838 2180 909 2246 Par.
928 2204 992 2248 sec.
1010 2185 1055 2250 sic
1070 2188 1216 2272 scriptum

85 2295 153 2349 estc
174 2280 306 2349 ‘Caesar
320 2296 475 2372 postquam
491 2286 624 2371 equitatu
638 2295 711 2350 ente
727 2285 892 2368 praemisso
907 2286 1021 2352 inscius
1036 2289 1216 2354 insidiurnm

85 2408 151 2451 cum
174 2387 215 2451 ed
237 2408 302 2452 cum
322 2388 421 2452 locum
444 2387 601 2453 uenisset’.
632 2384 694 2451 Sed
718 2387 763 2452 bia
786 2388 902 2451 dnobus
917 2389 996 2453 locis
1009 2391 1080 2452 mibi
1096 2392 1215 2472 quidem

83 2489 277 2555 uerisimilius
299 2491 421 2555 uidetur
443 2492 619 2573 scriptorem
641 2488 751 2573 prioris
768 2489 932 2573 particulae
948 2490 1071 2555 oblitum
1088 2493 1215 2560 alteram

84 2593 346 2679 superaddidimus
370 2613 399 2656 c.
416 2590 479 2667 85,
501 2590 539 2671 3,
563 2612 630 2656 corn
651 2591 683 2653 in
697 2587 769 2652 Pur.
788 2611 852 2655 sec.
880 2602 910 2656 et
932 2590 1023 2657 Leid.
1049 2616 1096 2679 pr.
1114 2596 1157 2659 ita
1172 2597 1216 2662 le·

83 2707 186 2782 pstor:
215 2691 292 2776 ‘Qui
308 2706 463 2778 postquem
479 2696 515 2759 ad
531 2714 567 2759 ea
582 2703 700 2770 castre,
725 2714 803 2776 quae
818 2694 976 2777 petebant,
1001 2698 1210 2784 perfugeront,

84 2809 113 2863 rt
126 2799 255 2864 reiectis
270 2798 378 2862 castris
393 2817 502 2861 rursus
517 2816 586 2862 aesc
601 2796 816 2870 defenderent,
840 2795 1003 2880 ducemque
1019 2799 1148 2884 aliquem
1164 2824 1214 2867 re·

84 2902 257 2985 qnirerent,
282 2920 368 2983 qoem
397 2900 603 2983 respicerent,
633 2899 719 2962 cuius
749 2899 932 2965 anctoritate
960 2922 1024 2965 rem
1053 2915 1211 2988 gererent,

85 3006 130 3087 qui
152 3015 313 3089 postquam
335 3000 613 3065 animaduerterunt
634 3001 781 3065 nerninem
805 3002 845 3064 ibi
870 3022 939 3068 esse
953 3005 1120 3089 praesidio,
1144 3028 1215 3090 pro-

86 3107 164 3169 tinus
179 3106 272 3169 armis
287 3104 412 3170 abiectis
428 3104 459 3167 in
476 3103 561 3186 regio
577 3114 678 3167 cestro
701 3105 805 3187 lugere
820 3106 1069 3187 conteudcrnot’,
1095 3109 1143 3172 bic
1159 3110 1216 3195 igi·

85 3218 136 3271 tur
150 3202 363 3291 Oudendorpio
384 3206 537 3271 assentior
557 3205 684 3270 alterum
702 3206 795 3287 ‘qui',
819 3207 897 3288 quod
921 3208 1014 3271 uerba
1035 3217 1110 3272 ‘rem
1127 3230 1216 3292 gerc-

84 3307 165 3374 rent’
184 3310 340 3392 sequitur,
365 3310 522 3374 delendum
546 3327 626 3371 esse.
658 3305 775 3370 Verum
796 3307 848 3369 illo
872 3308 960 3370 modo
983 3309 1075 3372 etiam
1091 3307 1217 3375 Cicero-

83 3434 150 3477 nem
171 3413 380 3495 composuisse
402 3411 440 3476 de
460 3412 530 3496 imp.
549 3405 610 3473 Cn.
627 3406 733 3494 Pomp.
751 3407 785 3487 d,
802 3407 825 3472 9
845 3414 1051 3494 ‘posteaquam
1068 3413 1215 3479 maximas

84 3515 274 3580 aedificasset
302 3524 499 3597 ornassetque
525 3511 650 3577 elasses’
673 3523 747 3577 cett.
773 3511 962 3597 grammatici
980 3525 1213 3581 aonotauernnt.

84 3618 168 3683 etto
189 3615 338 3699 eund-p.
363 3611 489 3679 Cluent.
509 3612 572 3694 64,
597 3613 658 3680 181
692 3613 889 3701 ‘Oppianicus
915 3616 1012 3701 primo
1040 3620 1212 3684 recusauits

83 3732 279 3806 postsequnm
301 3717 353 3782 ille
376 3717 569 3782 abducturam
584 3718 743 3795 sedilium,
767 3730 949 3783 mutatorum
966 3739 1034 3783 csse
1051 3729 1214 3785 testamen·

84 3834 144 3887 ιιιιιι
165 3824 355 3898 minaretur,
386 3820 505 3884 mulieri
531 3820 757 3885 crudelissimae
780 3842 902 3885 sernum
925 3822 1129 3885 fidelissimum
1152 3842 1214 3885 non

83 3926 112 3990 in
131 3913 444 4009 quaestionem'tulit‚
471 3922 525 3986 sed
543 3924 630 4007 plene
645 3923 682 3986 ad
698 3923 873 4006 supplicium
889 3923 999 4003 dedit’q
1026 3921 1151 3987 Vitrnn.
1170 3921 1213 4004 ll,

84 4026 115 4106 9,
140 4025 184 4091 16
209 4015 379 4112 ‘postquam
401 4025 518 4088 damma
534 4025 616 4089 circa
631 4023 714 4088 illum
729 4027 884 4090 materiam
901 4027 1003 4110 uirgas
1018 4014 1215 4110 comproben-

84 4129 209 4210 disect’3
234 4127 342 4194 Valeo.
354 4124 443 4191 blax.
456 4126 498 4205 V,
515 4126 549 4208 7,
566 4138 630 4192 est.
647 4126 670 4192 2
688 4134 856 4211 ‘postquam
872 4127 963 4191 lilium
978 4127 1010 4191 in
1026 4147 1121 4190 corno
1137 4127 1216 4191 scri·

84 4232 139 4299 bae
161 4230 353 4297 humiliorem
373 4231 496 4295 lortona
517 4251 572 4294 suo
591 4229 691 4295 locum
707 4229 892 4294 obtinentem
908 4229 1147 4311 conspexisset’e
1171 4229 1217 4293 ita

85 4335 182 4415 coin,
215 4350 280 4398 non
302 4334 505 4418 ‘conspexit',
533 4333 565 4397 in
585 4332 737 4418 plerisque
759 4333 846 4396 codd.
869 4329 930 4416 leqm'
951 4340 1078 4395 annotet
1098 4329 1216 4395 Torre-

87 4437 165 4518 nins,
182 4436 316 4518 edetque
329 4454 373 4499 ex
385 4435 525 4501 omnibns
539 4436 616 4516 suis,
639 4454 715 4518 quos
731 4433 821 4498 babet
833 4434 975 4521 optimos,
998 4432 1114 4496 amicus
1129 4451 1216 4495 meus

88 4534 217 4607 Cerolns
239 4535 408 4623 ttenpum.
438 4536 541 4603 Taciti
561 4538 654 4603 cerba
676 4557 749 4600 ann.
765 4531 841 4614 Xll,
858 4533 901 4598 tt
917 4555 1022 4599 manca
1038 4553 1108 4597 esse
1123 4533 1217 4594 inter·

89 4652 187 4725 preter
209 4643 391 4707 docuerunt.
421 4639 498 4705 Item
519 4639 650 4706 librariis
676 4638 777 4704 tribuo
799 4639 893 4703 baec:
920 4645 975 4700 ‘ex
998 4634 1106 4717 oppido
1126 4629 1219 4694 This·

117 4740 211 4799 ιω,
224 4740 262 4787 oe
279 4741 388 4800 suppos.
984 4737 1006 4801 2
