2646 5124
500 570 823 637 ...178-

104 746 174 824 (³9,
188 745 232 825 l),
248 744 378 825 itemque
386 740 468 807 Lissi
485 743 665 826 praesidium
680 756 747 809 erat
767 740 841 821 (⁴⁰,
856 742 910 827 ll).
938 743 994 809 llio
1014 767 1107 812 unam
1120 748 1206 813 cobar

104 862 163 915 ιοιιι
179 850 273 913 luisse
288 856 370 911 certo
386 847 455 909 inde
469 848 611 911 conicere
626 848 716 923 licet,
733 848 824 933 quod,
841 842 1209 917 concoenantem

102 954 172 1017 liam
188 950 367 1027 discederet,
384 948 423 1013 ibi
436 972 494 1013 una
511 951 620 1014 cohors
634 950 740 1015 relicta
757 942 867 1015 dicitur
880 974 909 1017 c.
918 950 974 1031 78,
991 952 1025 1017 5.
1049 950 1137 1021 Orici
1148 954 1209 1031 αι’,-
1249 1032 1253 1045 1

101 1073 218 1138 quoque
233 1063 297 1117 tres
312 1053 472 1131 cohortes,
496 1075 571 1138 quas
587 1052 627 1116 ibi
643 1054 736 1120 luisse
750 1055 899 1134 uidimus,
922 1055 997 1121 ibid.
1013 1056 1140 1121 relictas
1151 1056 1211 1123 ιιιί-
1248 1048 1253 1107 '³

99 1162 145 1225 bit
160 1180 256 1243 neque
270 1168 399 1243 poterat,
417 1178 482 1221 cum
499 1154 689 1242 Dyrrhachio
703 1156 894 1243 Apollonia·
909 1170 941 1223 et
954 1159 1028 1223 inde
1039 1158 1210 1245 perllpirn

101 1276 134 1329 et
147 1261 358 1327 Athamaniam
380 1262 411 1324 in
428 1259 617 1325 Thessaliam
638 1261 891 1345 proficisceretur,
915 1282 1006 1345 quam
1028 1262 1069 1326 ad
1089 1262 1212 1347 oppitu-

102 1366 257 1452 Gomphos
281 1366 437 1448 ingressus
459 1373 508 1427 est
528 1360 597 1440 (75,
617 1362 648 1425 1.
669 1360 725 1441 78,
744 1363 775 1427 1.
797 1362 830 1429 5.
853 1362 909 1443 79,
924 1362 958 1427 2.
981 1363 1016 1429 7.
1032 1360 1091 1441 8⁰,
1110 1364 1155 1449 l),
1168 1364 1213 1429 te

101 1472 210 1535 itinere
225 1467 345 1533 Lissum
362 1466 456 1530 edire.
491 1463 573 1530 Nem
595 1466 672 1550 quod
694 1460 860 1531 Caesarem
875 1488 930 1551 per
942 1464 1071 1551 Epirum
1087 1478 1121 1531 et
1132 1466 1214 1537 Albt·

101 1574 232 1638 maniam
247 1572 413 1656 prolectam
429 1569 506 1647 dixi,
522 1589 589 1632 oum
604 1565 659 1645 78,
683 1566 749 1632 ain
765 1570 853 1634 codd.
869 1570 989 1651 legatur
1012 1576 1082 1653 ‘per
1103 1566 1217 1655 Epirum

103 1674 345 1742 ctAearuaniam
355 1675 413 1736 itur
421 1676 520 1736 lacere
528 1670 647 1755 coepit'‚
664 1670 964 1736 rectellrumennum
980 1674 1054 1739 bist.
1064 1672 1213 1749 nomltl.

100 1778 162 1843 501
182 1776 331 1862 posterius
347 1798 455 1838 nomeu
472 1774 648 1839 emendasse
662 1774 727 1859 ipsc
742 1776 875 1839 locorum
898 1776 976 1839 situs
999 1779 1103 1844 docet.
1133 1776 1214 1845 Prae

101 1892 185 1943 terea
207 1899 245 1941 nc
267 1877 456 1959 Apolloniam
479 1879 596 1959 quidem
620 1877 686 1941 sine
708 1876 856 1961 praesidio
878 1878 972 1943 luisse
993 1882 1140 1946 credibile
1162 1890 1211 1945 ert.

101 1980 200 2065 Quam
223 2002 287 2044 rem
309 1980 335 2043 si
358 1979 425 2062 quis
446 1980 513 2044 ideo
536 2000 648 2063 negare
664 1979 772 2059 uellet,
796 1982 872 2064 quod
888 1977 1008 2047 Caesar
1022 1982 1078 2061 78,
1103 1984 1212 2049 lsibir

101 2084 291 2172 Dyrrhachio
307 2082 471 2146 discedenti
488 2103 613 2147 neccsse
629 2084 720 2148 luisse
735 2083 840 2149 scribit
853 2084 890 2148 ad
906 2086 1090 2169 praesidium
1104 2086 1213 2151 urbibus

99 2188 326 2272 relinquendum
342 2184 622 2269 adircApolloniem
638 2197 670 2251 et
683 2186 711 2269 S.
727 2186 747 2249 5
762 2187 859 2250 ciusd.
876 2208 905 2250 c.
922 2208 957 2253 aa
972 2188 1126 2271 pracsidio
1134 2188 1212 2273 Apol

100 2293 198 2359 loniae
214 2291 355 2356 cohortes
371 2298 523 2371 quattuor,
548 2284 631 2352 (lrici
646 2300 726 2367 tres,
749 2286 832 2352 Lissi
848 2311 937 2354 uuam
952 2290 1126 2373 reliquisse,
1141 2288 1212 2357 llra'd

100 2396 219 2461 ethissi
236 2397 264 2458 itl
282 2391 459 2477 praesidium
476 2391 533 2452 iarn
552 2393 644 2454 luisse
660 2393 800 2470 uidimus,
820 2414 914 2474 neque
930 2394 1087 2475 quicquam
1097 2407 1154 2471 est,
1169 2416 1212 2459 cur

99 2502 137 2577 is,
155 2500 204 2580 qui
221 2495 374 2578 exaliqua
392 2492 514 2574 regiano
532 2495 666 2567 discedit,
691 2497 788 2558 urinas
805 2507 885 2558 recte
901 2516 965 2573 eoS,
991 2498 1042 2578 qui
1066 2500 1098 2562 in
1122 2520 1156 2563 ca
1174 2520 1212 2562 rc·

101 2603 189 2685 giono
206 2608 294 2673 suut,
312 2617 399 2677 quam
415 2616 486 2668 otis,
512 2619 585 2678 quos
602 2598 641 2660 ibi
659 2600 753 2681 ponit,
770 2598 940 2679 relinquere
956 2599 1085 2663 dicatur.
1112 2599 1212 2685 Quam·

99 2705 200 2768 obrem
224 2696 341 2762 Cacsar
355 2698 545 2781 Apolloniam
568 2700 635 2762 ideo
657 2702 756 2764 adisse
782 2701 999 2763 existimandus
1016 2714 1074 2778 ost,
1094 2717 1126 2766 ut
1140 2724 1212 2788 prae·

97 2808 194 2881 sidiis‚
212 2822 288 2885 quae
304 2801 516 2875 collocanda,
537 2803 675 2865 mandata
691 2805 727 2865 dc
744 2806 860 2868 tuendis
876 2804 988 2888 oppidis
1005 2805 1113 2883 daret,
1132 2818 1162 2870 et
1174 2806 1213 2870 uel

97 2908 227 2972 maximo
251 2904 402 2988 probabile
426 2905 542 2967 uidetur
563 2906 741 2988 Apolloniae
763 2928 882 2993 quoque
912 2918 1053 2988 quattuor
1082 2910 1213 2973 cotiones

96 3013 155 3075 iam
170 3020 231 3071 turn
247 3008 277 3070 in
294 3007 441 3091 pracsidio
459 3008 562 3081 luisse,
581 3030 648 3070 cum
665 3006 782 3071 Caesar
794 3006 1214 3094 llyrrlrachiiPompeiumob

96 3114 220 3178 sideret.
246 3108 637 3193 Summaigiturcopierum,
650 3133 726 3193 (puae
736 3112 791 3175 hoc
801 3113 1084 3196 tempureabcrant‚
1098 3105 1215 3179 cumco-

97 3217 200 3279 hortcs
216 3214 412 3298 quadraginta
429 3224 491 3275 trcs
509 3215 631 3290 luerint,
650 3214 789 3277 cohortes
800 3217 1139 3301 quinquagintaseptem
1147 3218 1215 3304 apud

95 3314 256 3381 Caesarem
280 3318 448 3380 adlueruut.
485 3314 590 3397 ltaque
614 3337 651 3378 co
674 3317 760 3393 loco,
784 3340 870 3400 (parom
886 3341 975 3403 supra
992 3321 1100 3403 posui,
1125 3324 1217 3406 ptores

94 3442 182 3504 quam
206 3420 329 3501 triginta
351 3420 480 3501 quinque
504 3419 645 3480 cohortes
675 3440 692 3481 a
716 3416 850 3484 Caesare
874 3435 1125 3487 commemoratas
1156 3442 1217 3489 esse

94 3534 208 3589 certum
239 3534 296 3584 est.
336 3520 443 3584 Vtrum
474 3532 571 3582 autem
600 3542 700 3584 earum
725 3534 837 3586 tautum
867 3526 1034 3589 cohortium
1064 3548 1217 3603 numerus,

92 3650 167 3714 quae
183 3627 214 3689 in
230 3624 337 3687 castris
355 3624 476 3685 relictae
492 3633 580 3701 sunt,
604 3636 762 3707 corruptus
778 3628 830 3703 sit,
853 3649 891 3689 au
907 3627 984 3691 altar
999 3649 1119 3711 quoquc
1134 3630 1220 3693 tritt!

94 3745 124 3799 et
154 3730 297 3812 triginta,
329 3748 405 3807 quac
435 3748 500 3788 cum
525 3724 658 3790 Caesare
688 3731 840 3812 prolectas
872 3730 1028 3809 dicuutur,
1062 3733 1218 3797 diiudicari

91 3835 206 3920 nequit.

176 3935 252 4012 Res,
278 3952 353 4016 quae
376 3954 403 3993 c.
421 3932 463 3995 tlt
479 3944 510 3994 et
531 3954 594 4015 sqq.
618 3945 799 4011 narrantur,
825 3936 879 3997 hoc
905 3938 989 3998 rnotlo
1012 3948 1120 4019 gestae
1136 3951 1218 4003 sunt.

93 4038 349 4113 Castrandum,
373 4058 430 4117 quo
447 4037 525 4119 legio
542 4034 676 4119 Pompeii
693 4038 780 4099 ducta
797 4050 874 4111 crat,
893 4041 928 4100 nd
946 4061 1033 4121 quam
1050 4042 1220 4124 opprimen-

91 4149 157 4209 daru
174 4139 290 4205 Cacsar
306 4140 568 4222 proficiscebatur,
593 4141 740 4221 duplicem
764 4141 912 4202 habebant
932 4142 1131 4205 munitionem
1146 4146 1221 4208 alte-

91 4269 154 4313 ram
175 4244 260 4310 alteri
286 4243 447 4316 inclusam,
472 4243 512 4306 ita
536 4254 569 4304 ut
585 4242 711 4305 interior
727 4244 841 4305 castelli
858 4245 1009 4307 obtineret
1025 4246 1135 4307 locum.
1171 4246 1220 4308 Ab

90 4351 198 4434 angulo
214 4358 311 4409 atatem
329 4357 494 4408 castrorum
511 4346 635 4409 sinistro
659 4346 783 4407 tntrnitio
807 4357 873 4407 crat
888 4348 924 4407 ad
942 4348 1049 4410 llumen
1073 4350 1218 4431 perducta

91 4473 229 4541 passuum
246 4448 367 4511 circiter
383 4444 494 4511 CCCC
512 4454 525 4527 (
534 4470 561 4509 c.
579 4445 622 4509 tltt
630 4470 655 4529 ).
689 4445 792 4530 ltaque
813 4470 878 4509 curn
896 4444 1013 4511 Cacsar
1028 4450 1136 4532 duplici
1153 4451 1221 4514 acie

92 4561 127 4624 ad
145 4566 243 4621 castra
259 4552 451 4629 accessisset,
471 4552 525 4613 hoc
542 4561 589 4612 cst
604 4553 669 4613 acie
684 4550 715 4612 in
740 4551 796 4612 duo
821 4571 932 4613 cornua
949 4551 1063 4624 diuisa,
1090 4553 1218 4617 sinistro

90 4682 196 4737 ιειιιιιιι,
213 4655 264 4721 uhi
279 4666 346 4718 erat
360 4655 436 4738 ipse,
456 4655 602 4737 legionem
618 4652 832 4737 Ponrpcianam
855 4655 996 4717 celeriter
1011 4676 1051 4715 cx
1070 4654 1151 4717 uallo
1167 4657 1219 4718 dc-
