2646 5124
501 563 806 629 ...51-

113 729 267 800 balinornm
282 732 477 811 uocabulum,
495 734 575 818 qnod
586 744 633 800 est
648 738 751 821 ‘pars',
768 738 862 802 multo
874 740 1014 806 latiorem
1027 744 1118 811 babet
1134 770 1219 815 nsnm

41 918 43 927 Ι
106 860 175 923 pean
190 837 406 914 acrnacnlnm,
432 837 513 920 qnod
527 838 557 901 ci
571 840 748 924 respondet:
774 842 824 923 qni
844 862 917 907 nsos
932 856 1018 909 ortus
1034 859 1082 910 est
1096 851 1220 918 diuersa

100 942 237 1008 timenti
250 941 390 1014 ratione,
406 960 485 1027 ..eum
500 937 606 1005 Latini
626 963 677 1006 reo
694 964 755 1005 non
770 944 867 1007 solum
882 947 1046 1012 secundnm
1064 955 1219 1033 quantita·

95 1056 155 1123 len,
171 1045 228 1110 ced
243 1045 337 1108 ctiam
353 1044 520 1107 secundnm
536 1044 707 1126 qualitatem
724 1047 892 1128 partiantur
906 1060 983 1114 etea
994 1073 1122 1137 qnoque,
1140 1079 1218 1139 qnae

90 1148 169 1214 nobis
184 1168 292 1213 rernm
308 1156 407 1210 status
421 1155 513 1229 atque
527 1147 721 1211 condiciones
743 1158 798 1211 aut
818 1149 856 1212 ad
875 1170 928 1214 eas
947 1152 1135 1235 aliquatenus
1150 1181 1217 1244 per-

89 1251 211 1317 mentia
227 1250 385 1329 uidentur,
401 1250 534 1333 ipsarum
547 1270 650 1313 rernm
667 1261 768 1335 partes
783 1252 971 1317 existiment.
999 1255 1092 1321 Velnt
1106 1256 1217 1325 Cicero

86 1348 307 1431 deinnent.1‚
331 1350 388 1430 47,
411 1348 455 1417 88
476 1352 523 1417 bis
544 1352 646 1417 uerbis
672 1354 860 1439 ‘ambignum
881 1353 908 1419 si
923 1359 1110 1422 concesseris
1125 1382 1167 1424 ex
1181 1382 1217 1429 ee

85 1470 176 1544 parte,
194 1477 291 1540 qnam
307 1455 375 1538 ipse
389 1454 598 1531 intellexeris,
615 1477 681 1521 eam
697 1467 812 1540 partem
827 1458 854 1521 si
868 1459 1063 1523 aduersarios
1078 1462 1114 1525 ad
1130 1464 1218 1531 aliam

85 1572 195 1645 partem
212 1579 273 1645 per
287 1556 529 1643 complexionem
544 1559 619 1623 uelit
640 1559 888 1634 accommodam,
906 1560 1115 1626 demonstrare
1130 1586 1219 1648 opor-

85 1663 153 1727 tebit
167 1684 232 1726 non
251 1683 294 1725 ex
311 1683 362 1738 eo,
380 1661 458 1744 qnod
473 1661 673 1738 concesseris,
691 1660 744 1725 sed
760 1682 800 1724 ex
816 1682 865 1734 eo,
884 1663 962 1745 qnod
979 1664 1028 1727 ilie
1044 1668 1217 1749 sumpserit,

85 1765 186 1831 confici
210 1763 460 1847 complexione
468 1762 490 1836 '‚
515 1763 564 1827 bio
584 1763 678 1847 igiter
700 1764 802 1827 uarias
825 1762 956 1849 ambigui
980 1765 1218 1850 significationes

86 1880 182 1954 pmice
196 1868 269 1933 cius
286 1866 377 1943 dixit,
394 1887 455 1929 non
471 1866 566 1951 magis
581 1886 622 1931 ex
636 1878 743 1931 nostra
758 1867 998 1946 consuetudine,
1023 1889 1111 1952 qnam
1129 1880 1218 1956 ‘par-

86 1982 127 2037 ter
142 1967 353 2054 elequentiee'
368 1964 456 2031 Bne
472 1965 533 2046 bt,
557 1965 622 2032 929
644 1968 784 2053 ‘longios
805 1981 905 2033 autem
920 1970 1087 2053 procedens
1103 1983 1216 2037 etcum

85 2073 245 2141 iaceteris
261 2070 456 2154 eloquentiae
472 2070 623 2153 partibus,
648 2082 711 2134 tnm
735 2074 865 2137 maxime
879 2072 911 2136 in
926 2073 1083 2138 eeleritate
1098 2084 1130 2137 et
1145 2097 1219 2140 con·

86 2178 253 2241 demtionc
269 2173 432 2238 uerborum
447 2172 688 2239 atmemeens’.
719 2169 823 2259 ltaque
838 2196 930 2260 saepo
944 2178 989 2255 tit,
1006 2187 1056 2252 nt,
1073 2198 1140 2240 cnm
1157 2176 1219 2240 La-

90 2280 144 2345 tini
162 2278 265 2361 aliqna
284 2298 328 2341 ex
350 2285 436 2359 parte
458 2274 568 2359 aliquid
589 2277 736 2342 accidisse
757 2276 921 2353 dixerunt,
945 2277 1032 2342 nobis
1052 2280 1083 2343 id
1107 2283 1217 2344 laetum

92 2403 160 2447 esec
174 2380 332 2445 diccndm
344 2378 387 2443 sit
400 2377 557 2458 inscicia,
573 2381 605 2443 in
620 2380 706 2445 einer
720 2378 906 2464 beziebnng,
926 2379 956 2443 in
973 2381 1058 2444 einer
1073 2381 1214 2445 binsicbt.

90 2488 189 2571 Atque
203 2483 310 2547 cadem
326 2481 446 2545 ratione
462 2482 554 2546 ncrba
570 2483 680 2565 ‘aliqua
695 2503 736 2545 ex
749 2483 844 2566 parte'
861 2483 958 2567 positn
970 2493 1071 2546 sante
1084 2479 1219 2549 Caesare

88 2599 118 2654 ct
129 2609 168 2653 eo
183 2587 268 2663 loco,
281 2603 372 2669 qoem
386 2604 477 2669 snpra
493 2587 591 2669 poam,
608 2595 640 2651 et
653 2583 684 2648 b.
701 2586 761 2648 oin.
777 2582 840 2664 lli,
859 2584 912 2663 57,
930 2584 952 2649 3
977 2582 1167 2669 ‘Scipionem
1183 2606 1219 2650 ea

89 2712 154 2757 rosc
168 2688 376 2763 anctoritate,
395 2695 505 2751 utnon
519 2688 616 2753 solnm
631 2688 744 2764 libere,
762 2709 839 2770 qnae
856 2689 1033 2772 probasset,
1051 2708 1216 2773 exponere,

88 2793 249 2859 sedetiam
266 2812 307 2855 cx
324 2811 431 2874 magna
452 2801 537 2874 parte
560 2791 739 2876 compellere
754 2802 845 2874 atquc
860 2803 1013 2856 errantem
1028 2810 1135 2877 regere
1150 2814 1219 2877 pos·

88 2900 163 2961 tet'c
180 2917 201 2958 a
216 2889 371 2959 Cicerone
385 2895 423 2959 ad
438 2892 503 2956 Ait
514 2890 591 2972 XV,
611 2894 625 2958 l
642 2894 685 2958 io.
714 2890 760 2961 ‘0
777 2896 887 2958 lactnm
903 2895 979 2959 male
995 2896 1031 2960 de
1046 2896 1217 2962 Alexione!

91 2997 273 3065 incredibile
288 3007 355 3075 oet,
379 3006 489 3079 quanta
503 3016 551 3060 mc
566 2995 705 3060 molestia
720 2998 854 3061 affecerit
869 3017 925 3061 nec
939 2999 1110 3065 mehercule
1127 3022 1168 3065 ex
1184 3022 1220 3064 ea

91 3113 175 3189 parte
191 3100 353 3183 maxime„
366 3100 444 3182 qood
458 3100 591 3183 plerique
606 3120 742 3163 mecum:
765 3099 802 3162 ad
817 3119 904 3181 quem
919 3102 1012 3184 igitur
1027 3113 1057 3166 te
1073 3105 1220 3167 medicum

91 3202 289 3279 coniereci'‚
306 3197 397 3267 Verr.
414 3199 446 3278 1,
462 3199 521 3282 dl,
538 3200 582 3266 99
603 3200 715 3267 ‘Video
732 3200 857 3265 enimet
873 3223 914 3266 ex
930 3204 986 3281 iis,
1010 3225 1087 3285 qnae
1109 3206 1169 3287 legi
1192 3216 1223 3267 et

93 3306 196 3373 utini
205 3352 215 3385 ,
232 3305 388 3391 intellego,
405 3305 438 3368 in
453 3325 511 3387 qna
526 3304 652 3367 ciuitate
662 3314 728 3365 tion
743 3303 830 3367 modo
846 3305 963 3386 legatus
978 3306 1078 3388 populi
1094 3303 1224 3369 Romani

95 3411 328 3485 muscum,
344 3429 404 3473 non
419 3407 506 3471 modo
520 3405 596 3491 igni,
615 3406 709 3483 ferro,
727 3424 830 3480 mann,
848 3405 941 3489 copiis
957 3416 1154 3489 oppugnatus,
1172 3408 1224 3473 sed

97 3512 195 3595 αὶίςιι
207 3532 252 3575 ex
268 3521 353 3595 parte
368 3509 499 3575 niolatns
512 3510 570 3586 sit,
588 3509 616 3574 ei
631 3508 748 3572 ciuitati
763 3507 873 3571 beilum
890 3507 980 3571 indici
995 3509 1105 3573 selere’
1122 3523 1153 3575 et
1169 3510 1221 3590 15,

98 3615 136 3679 ll
153 3610 229 3681 ι(ἶιι.
262 3611 420 3678 Dolabella
433 3634 501 3676 enm
516 3612 684 3695 proditione
699 3612 789 3676 istinc
804 3610 938 3688 nelarie,
963 3621 1024 3675 tam
1045 3613 1179 3697 improbo
1194 3627 1225 3679 et

98 3719 172 3783 laiso
187 3715 325 3781 eiusdem
347 3714 539 3793 testimonio,
562 3724 626 3777 tnm
648 3715 742 3779 multo
764 3734 806 3777 ex
820 3714 952 3779 maxima
974 3717 1074 3799 parte'
1096 3717 1225 3801 (haupt-

98 3818 230 3885 ticblicb
251 3837 309 3883 noa
330 3818 517 3895 diceremus)
550 3816 656 3881 ‘istinc
680 3818 827 3880 lnrtornm
849 3836 884 3881 ao
911 3817 1091 3900 degitiomm
1113 3818 1227 3881 inuidia

100 3919 322 4005 mndagranit',
338 3942 392 4005 pro
408 3915 495 3984 Cael.
512 3918 566 3996 24,
584 3916 626 3982 59
643 3926 714 4001 ‘quo
730 3919 846 4000 quidem
863 3930 996 4003 tempore
1013 3920 1063 3983 ilie
1080 3922 1224 3997 moriens,

100 4046 166 4090 enm
179 4025 243 4089 iant
257 4023 368 4087 ceteris
383 4043 425 4086 ex
440 4021 573 4106 partibus
589 4040 732 4106 oppresse
748 4031 948 4095 memnonem,
972 4034 1141 4086 extremum
1157 4043 1227 4085 sen·

101 4149 165 4193 snm
185 4128 226 4191 ad
247 4124 421 4190 memoriam
444 4123 625 4209 reipublicae
646 4122 857 4202 resernebat'p
887 4144 908 4186 a
928 4121 1068 4188 Varrone
1092 4123 1129 4186 de
1149 4123 1224 4205 ling.

102 4227 170 4295 lat.
186 4226 255 4305 IX,
276 4225 322 4293 29
336 4249 366 4312 p.
382 4226 447 4293 ⁴84
461 4224 517 4312 Sp.
541 4226 640 4309 ‘qood
654 4236 784 4309 rogant,
807 4245 849 4290 ex
863 4246 919 4309 qua
937 4237 1021 4311 parte
1035 4235 1173 4310 oporteat
1187 4224 1229 4288 si·

103 4332 169 4399 uite
183 4353 256 4399 cose
277 4330 425 4411 uerbum,
449 4329 486 4395 ab
507 4349 583 4394 noce
603 4347 677 4394 ana
698 4326 936 4413 significatione,
960 4327 1230 4413 respondeamnaa

105 4436 198 4502 tocc'.
224 4431 281 4501 Sic
298 4434 349 4498 ‘ab
364 4432 465 4518 aliqua
479 4431 573 4517 patlo'
588 4430 668 4497 dixit
682 4427 833 4503 Liuinei,
849 4426 893 4493 32
908 4432 1088 4514 ‘proximum
1105 4448 1230 4511 rognum

105 4548 201 4605 cclcra
215 4538 377 4626 egregium
397 4536 435 4602 ab
458 4556 519 4600 noa
539 4544 625 4621 parte
646 4532 725 4597 band
746 4533 822 4596 satio
844 4553 1017 4618 prosperum
1040 4532 1158 4604 luerat,
1182 4536 1234 4589 aut

107 4642 249 4726 umectis
264 4639 466 4725 religionibus
486 4648 647 4726 ant-praoe
661 4634 766 4700 onltis’
788 4646 820 4700 et
833 4631 965 4712 xxvi,
985 4631 1028 4695 16
1044 4633 1100 4694 ‘ita
1116 4627 1153 4691 ad
1174 4622 1234 4692 Ca·

986 4734 1024 4794 4.
