<?xml version="1.0" encoding="UTF-8"?>
<!DOCTYPE html PUBLIC "-//W3C//DTD XHTML 1.0 Transitional//EN"
    "http://www.w3.org/TR/xhtml1/DTD/xhtml1-transitional.dtd">
<html xmlns="http://www.w3.org/1999/xhtml" xml:lang="en" lang="en">
 <head>
  <title>
</title>
<meta http-equiv="Content-Type" content="text/html;charset=utf-8" />
  <meta name='ocr-system' content='tesseract 3.04.00' />
  <meta name='ocr-capabilities' content='ocr_page ocr_carea ocr_par ocr_line ocrx_word'/>
</head>
<body>
  <div class='ocr_page' id='page_1' title='image "./civliicaesarisc01hirtgoog_0172.png"; bbox 0 0 2646 5124; ppageno 0'>
   <div class='ocr_carea' id='block_1_1' title="bbox 500 100 820 161">
    <p class='ocr_par' dir='ltr' id='par_1_1' title="bbox 500 100 820 161">
     <span class='ocr_line' id='line_1_1' title="bbox 500 100 820 161; baseline 0.009 -2"><span class='ocrx_word' id='word_1_1' title='bbox 500 139 580 147; x_wconf 80' lang='lat'><strong>--</strong></span> <span class='ocrx_word' id='word_1_2' title='bbox 635 100 689 161; x_wconf 80' lang='lat' dir='ltr'><strong>nr</strong></span> <span class='ocrx_word' id='word_1_3' title='bbox 739 141 750 148; x_wconf 84' lang='lat'>.</span> <span class='ocrx_word' id='word_1_4' title='bbox 800 141 820 148; x_wconf 83' lang='lat'><strong>.-</strong></span> 
     </span>
    </p>
   </div>
   <div class='ocr_carea' id='block_1_2' title="bbox 84 273 1217 975">
    <p class='ocr_par' dir='ltr' id='par_1_2' title="bbox 84 273 1217 975">
     <span class='ocr_line' id='line_1_2' title="bbox 84 273 1217 363; baseline 0.013 -29"><span class='ocrx_word' id='word_1_5' title='bbox 84 273 220 335; x_wconf 74' lang='lat' dir='ltr'><strong>duuissis&#39;</strong></span> <span class='ocrx_word' id='word_1_6' title='bbox 246 273 363 334; x_wconf 83' lang='lat' dir='ltr'><strong>nullam</strong></span> <span class='ocrx_word' id='word_1_7' title='bbox 386 273 535 354; x_wconf 83' lang='lat' dir='ltr'><strong>rccipiunt</strong></span> <span class='ocrx_word' id='word_1_8' title='bbox 559 274 744 355; x_wconf 84' lang='lat' dir='ltr'><strong>curruptelae</strong></span> <span class='ocrx_word' id='word_1_9' title='bbox 769 278 979 359; x_wconf 81' lang='lat' dir='ltr'>suspicionem.</span> <span class='ocrx_word' id='word_1_10' title='bbox 1013 279 1118 363; x_wconf 87' lang='lat' dir='ltr'><strong>ltaque</strong></span> <span class='ocrx_word' id='word_1_11' title='bbox 1143 286 1217 349; x_wconf 80' lang='lat' dir='ltr'><strong>liaeo</strong></span> 
     </span>
     <span class='ocr_line' id='line_1_3' title="bbox 85 376 1216 459; baseline 0.011 -21"><span class='ocrx_word' id='word_1_12' title='bbox 85 377 222 459; x_wconf 80' lang='lat' dir='ltr'><strong>magistro</strong></span> <span class='ocrx_word' id='word_1_13' title='bbox 239 376 402 438; x_wconf 81' lang='lat' dir='ltr'><strong>tribuenda</strong></span> <span class='ocrx_word' id='word_1_14' title='bbox 419 386 502 449; x_wconf 90' lang='lat' dir='ltr'><strong>suut,</strong></span> <span class='ocrx_word' id='word_1_15' title='bbox 520 376 570 457; x_wconf 92' lang='lat' dir='ltr'><strong>qui</strong></span> <span class='ocrx_word' id='word_1_16' title='bbox 586 376 723 438; x_wconf 87' lang='lat' dir='ltr'><strong>dimissos</strong></span> <span class='ocrx_word' id='word_1_17' title='bbox 739 398 834 459; x_wconf 88' lang='lat' dir='ltr'><strong>equos</strong></span> <span class='ocrx_word' id='word_1_18' title='bbox 851 401 907 441; x_wconf 90' lang='lat' dir='ltr'><strong>nou</strong></span> <span class='ocrx_word' id='word_1_19' title='bbox 924 383 989 446; x_wconf 91' lang='lat' dir='ltr'><strong>siue</strong></span> <span class='ocrx_word' id='word_1_20' title='bbox 1004 386 1154 448; x_wconf 84' lang='lat' dir='ltr'><strong>schemate</strong></span> <span class='ocrx_word' id='word_1_21' title='bbox 1168 389 1216 451; x_wconf 92' lang='lat' dir='ltr'><strong>in-</strong></span> 
     </span>
     <span class='ocr_line' id='line_1_4' title="bbox 88 478 1212 569; baseline 0.012 -29"><span class='ocrx_word' id='word_1_22' title='bbox 88 480 258 563; x_wconf 83' lang='lat' dir='ltr'><strong>terpolauit,</strong></span> <span class='ocrx_word' id='word_1_23' title='bbox 286 500 355 541; x_wconf 88' lang='lat' dir='ltr'><strong>eum</strong></span> <span class='ocrx_word' id='word_1_24' title='bbox 373 478 449 542; x_wconf 86' lang='lat' dir='ltr'><strong>alios</strong></span> <span class='ocrx_word' id='word_1_25' title='bbox 466 479 553 563; x_wconf 85' lang='lat' dir='ltr'><strong>signa</strong></span> <span class='ocrx_word' id='word_1_26' title='bbox 568 478 717 542; x_wconf 79' lang='lat' dir='ltr'><strong>dimisisse</strong></span> <span class='ocrx_word' id='word_1_27' title='bbox 733 480 869 563; x_wconf 76' lang='lat' dir='ltr'><strong>legisset.</strong></span> <span class='ocrx_word' id='word_1_28' title='bbox 903 479 1045 549; x_wconf 88' lang='lat' dir='ltr'><strong>Ceterum</strong></span> <span class='ocrx_word' id='word_1_29' title='bbox 1062 487 1092 549; x_wconf 92' lang='lat' dir='ltr'><strong>in</strong></span> <span class='ocrx_word' id='word_1_30' title='bbox 1108 490 1212 569; x_wconf 78' lang='lat' dir='ltr'><strong>codd,</strong></span> 
     </span>
     <span class='ocr_line' id='line_1_5' title="bbox 89 583 1210 667; baseline 0.01 -22"><span class='ocrx_word' id='word_1_31' title='bbox 89 584 235 667; x_wconf 84' lang='lat' dir='ltr'><strong>dequibus</strong></span> <span class='ocrx_word' id='word_1_32' title='bbox 252 593 392 659; x_wconf 84' lang='lat' dir='ltr'><strong>eorrstat,</strong></span> <span class='ocrx_word' id='word_1_33' title='bbox 409 583 550 665; x_wconf 88' lang='lat' dir='ltr'><strong>seriptum</strong></span> <span class='ocrx_word' id='word_1_34' title='bbox 568 593 616 645; x_wconf 91' lang='lat' dir='ltr'><strong>est</strong></span> <span class='ocrx_word' id='word_1_35' title='bbox 632 584 877 667; x_wconf 76' lang='lat' dir='ltr'><strong>‘confugerent&#39;,</strong></span> <span class='ocrx_word' id='word_1_36' title='bbox 904 608 963 648; x_wconf 92' lang='lat' dir='ltr'><strong>uon</strong></span> <span class='ocrx_word' id='word_1_37' title='bbox 986 590 1210 655; x_wconf 79' lang='lat' dir='ltr'><strong>‘conficerent&#39;.</strong></span> 
     </span>
     <span class='ocr_line' id='line_1_6' title="bbox 91 683 1211 774; baseline 0.009 -27"><span class='ocrx_word' id='word_1_38' title='bbox 91 683 148 749; x_wconf 87' lang='lat' dir='ltr'><strong>lule</strong></span> <span class='ocrx_word' id='word_1_39' title='bbox 170 687 260 749; x_wconf 77' lang='lat' dir='ltr'><strong>effeci</strong></span> <span class='ocrx_word' id='word_1_40' title='bbox 284 686 358 747; x_wconf 86' lang='lat' dir='ltr'><strong>‘alii</strong></span> <span class='ocrx_word' id='word_1_41' title='bbox 379 686 506 748; x_wconf 89' lang='lat' dir='ltr'><strong>eundem</strong></span> <span class='ocrx_word' id='word_1_42' title='bbox 523 707 641 749; x_wconf 89' lang='lat' dir='ltr'><strong>cursum</strong></span> <span class='ocrx_word' id='word_1_43' title='bbox 664 686 906 768; x_wconf 85' lang='lat' dir='ltr'><strong>eoniungcrent&#39;.</strong></span> <span class='ocrx_word' id='word_1_44' title='bbox 940 686 1025 769; x_wconf 82' lang='lat' dir='ltr'><strong>Quae</strong></span> <span class='ocrx_word' id='word_1_45' title='bbox 1045 692 1211 774; x_wconf 85' lang='lat' dir='ltr'><strong>excipiunt,</strong></span> 
     </span>
     <span class='ocr_line' id='line_1_7' title="bbox 91 787 1213 877; baseline 0.009 -28"><span class='ocrx_word' id='word_1_46' title='bbox 91 788 324 852; x_wconf 72' lang='lat' dir='ltr'><strong>sicedebantur:</strong></span> <span class='ocrx_word' id='word_1_47' title='bbox 353 787 423 851; x_wconf 87' lang='lat' dir='ltr'><strong>‘llis</strong></span> <span class='ocrx_word' id='word_1_48' title='bbox 446 790 537 851; x_wconf 87' lang='lat' dir='ltr'><strong>tantis</strong></span> <span class='ocrx_word' id='word_1_49' title='bbox 560 789 646 851; x_wconf 85' lang='lat' dir='ltr'><strong>malis</strong></span> <span class='ocrx_word' id='word_1_50' title='bbox 663 789 737 852; x_wconf 84' lang='lat' dir='ltr'><strong>baeu</strong></span> <span class='ocrx_word' id='word_1_51' title='bbox 753 790 885 852; x_wconf 89' lang='lat' dir='ltr'><strong>subsidia</strong></span> <span class='ocrx_word' id='word_1_52' title='bbox 901 792 1131 870; x_wconf 87' lang='lat' dir='ltr'><strong>succurrebant,</strong></span> <span class='ocrx_word' id='word_1_53' title='bbox 1156 817 1213 877; x_wconf 91' lang='lat' dir='ltr'><strong>quo</strong></span> 
     </span>
     <span class='ocr_line' id='line_1_8' title="bbox 90 889 1214 975; baseline 0.008 -23"><span class='ocrx_word' id='word_1_54' title='bbox 90 892 169 955; x_wconf 84' lang='lat' dir='ltr'><strong>uirus</strong></span> <span class='ocrx_word' id='word_1_55' title='bbox 189 891 294 955; x_wconf 90' lang='lat' dir='ltr'><strong>omnis</strong></span> <span class='ocrx_word' id='word_1_56' title='bbox 318 891 475 954; x_wconf 89' lang='lat' dir='ltr'><strong>deleretur</strong></span> <span class='ocrx_word' id='word_1_57' title='bbox 497 892 668 967; x_wconf 78' lang='lat' dir='ltr'><strong>exercitus,</strong></span> <span class='ocrx_word' id='word_1_58' title='bbox 695 894 773 974; x_wconf 87' lang='lat' dir='ltr'><strong>quod</strong></span> <span class='ocrx_word' id='word_1_59' title='bbox 789 889 948 975; x_wconf 90' lang='lat' dir='ltr'><strong>Pompeius</strong></span> <span class='ocrx_word' id='word_1_60' title='bbox 965 895 1089 958; x_wconf 80' lang='lat' dir='ltr'><strong>insidias</strong></span> <span class='ocrx_word' id='word_1_61' title='bbox 1105 896 1214 961; x_wconf 88' lang='lat' dir='ltr'><strong>timeus</strong></span> 
     </span>
    </p>
   </div>
   <div class='ocr_carea' id='block_1_3' title="bbox 90 994 1307 1081">
    <p class='ocr_par' dir='ltr' id='par_1_3' title="bbox 90 994 1307 1081">
     <span class='ocr_line' id='line_1_9' title="bbox 90 994 1307 1081; baseline 0.006 -26"><span class='ocrx_word' id='word_1_62' title='bbox 90 995 187 1072; x_wconf 76' lang='lat' dir='ltr'><strong>leudo,</strong></span> <span class='ocrx_word' id='word_1_63' title='bbox 206 994 289 1077; x_wconf 91' lang='lat' dir='ltr'><strong>quod</strong></span> <span class='ocrx_word' id='word_1_64' title='bbox 309 995 386 1058; x_wconf 90' lang='lat' dir='ltr'><strong>baec</strong></span> <span class='ocrx_word' id='word_1_65' title='bbox 404 1004 524 1077; x_wconf 91' lang='lat' dir='ltr'><strong>praeter</strong></span> <span class='ocrx_word' id='word_1_66' title='bbox 537 1014 619 1078; x_wconf 86' lang='lat' dir='ltr'><strong>spem</strong></span> <span class='ocrx_word' id='word_1_67' title='bbox 634 995 807 1057; x_wconf 87' lang='lat' dir='ltr'><strong>acciderant</strong></span> <span class='ocrx_word' id='word_1_68' title='bbox 822 996 900 1072; x_wconf 89' lang='lat' dir='ltr'><strong>eius,</strong></span> <span class='ocrx_word' id='word_1_69' title='bbox 918 996 967 1078; x_wconf 92' lang='lat' dir='ltr'><strong>qui</strong></span> <span class='ocrx_word' id='word_1_70' title='bbox 984 997 1072 1081; x_wconf 89' lang='lat' dir='ltr'><strong>paulo</strong></span> <span class='ocrx_word' id='word_1_71' title='bbox 1088 1009 1158 1061; x_wconf 87' lang='lat' dir='ltr'><strong>ante</strong></span> <span class='ocrx_word' id='word_1_72' title='bbox 1173 1020 1214 1061; x_wconf 82' lang='lat' dir='ltr'><strong>ex</strong></span> <span class='ocrx_word' id='word_1_73' title='bbox 1304 1012 1307 1018; x_wconf 84' lang='lat'>&#39;</span> 
     </span>
    </p>
   </div>
   <div class='ocr_carea' id='block_1_4' title="bbox 84 1097 1216 4262">
    <p class='ocr_par' dir='ltr' id='par_1_4' title="bbox 84 1097 1216 4262">
     <span class='ocr_line' id='line_1_10' title="bbox 90 1097 1213 1184; baseline 0.008 -28"><span class='ocrx_word' id='word_1_74' title='bbox 90 1098 178 1159; x_wconf 83' lang='lat' dir='ltr'><strong>tastris</strong></span> <span class='ocrx_word' id='word_1_75' title='bbox 199 1098 365 1181; x_wconf 73' lang='lat' dir='ltr'><strong>fugientes</strong></span> <span class='ocrx_word' id='word_1_76' title='bbox 388 1116 462 1159; x_wconf 89' lang='lat' dir='ltr'><strong>suos</strong></span> <span class='ocrx_word' id='word_1_77' title='bbox 484 1107 705 1179; x_wconf 74' lang='lat' dir='ltr'><strong>conspexerat)</strong></span> <span class='ocrx_word' id='word_1_78' title='bbox 733 1097 947 1161; x_wconf 77' lang='lat' dir='ltr'><strong>munitionibus</strong></span> <span class='ocrx_word' id='word_1_79' title='bbox 974 1101 1213 1184; x_wconf 82' lang='lat' dir='ltr'><strong>appropinquare</strong></span> 
     </span>
     <span class='ocr_line' id='line_1_11' title="bbox 89 1198 1212 1285; baseline 0.009 -28"><span class='ocrx_word' id='word_1_80' title='bbox 89 1198 250 1281; x_wconf 77' lang='lat' dir='ltr'><strong>aliquamdiu</strong></span> <span class='ocrx_word' id='word_1_81' title='bbox 268 1220 335 1261; x_wconf 87' lang='lat' dir='ltr'><strong>nom</strong></span> <span class='ocrx_word' id='word_1_82' title='bbox 352 1198 494 1275; x_wconf 86' lang='lat' dir='ltr'><strong>audebat,</strong></span> <span class='ocrx_word' id='word_1_83' title='bbox 512 1200 686 1281; x_wconf 85' lang='lat' dir='ltr'><strong>equitesque</strong></span> <span class='ocrx_word' id='word_1_84' title='bbox 701 1199 765 1260; x_wconf 86' lang='lat' dir='ltr'><strong>eius</strong></span> <span class='ocrx_word' id='word_1_85' title='bbox 781 1200 1090 1285; x_wconf 82' lang='lat' dir='ltr'><strong>augustiisportisque</strong></span> <span class='ocrx_word' id='word_1_86' title='bbox 1106 1200 1212 1267; x_wconf 86' lang='lat' dir='ltr'><strong>aCue·</strong></span> 
     </span>
     <span class='ocr_line' id='line_1_12' title="bbox 90 1301 1211 1389; baseline 0.007 -27"><span class='ocrx_word' id='word_1_87' title='bbox 90 1302 154 1363; x_wconf 83' lang='lat' dir='ltr'><strong>raris</strong></span> <span class='ocrx_word' id='word_1_88' title='bbox 166 1301 314 1365; x_wconf 81' lang='lat' dir='ltr'><strong>militibus</strong></span> <span class='ocrx_word' id='word_1_89' title='bbox 333 1302 491 1385; x_wconf 87' lang='lat' dir='ltr'><strong>occupatis</strong></span> <span class='ocrx_word' id='word_1_90' title='bbox 506 1302 541 1363; x_wconf 92' lang='lat' dir='ltr'><strong>ad</strong></span> <span class='ocrx_word' id='word_1_91' title='bbox 558 1302 772 1386; x_wconf 87' lang='lat' dir='ltr'><strong>insequendum</strong></span> <span class='ocrx_word' id='word_1_92' title='bbox 789 1302 997 1365; x_wconf 76' lang='lat' dir='ltr'><strong>tardabantur.</strong></span> <span class='ocrx_word' id='word_1_93' title='bbox 1029 1301 1076 1367; x_wconf 90' lang='lat' dir='ltr'><strong>lta</strong></span> <span class='ocrx_word' id='word_1_94' title='bbox 1098 1326 1211 1389; x_wconf 86' lang='lat' dir='ltr'><strong>paruae</strong></span> 
     </span>
     <span class='ocr_line' id='line_1_13' title="bbox 91 1404 1209 1489; baseline 0.006 -26"><span class='ocrx_word' id='word_1_95' title='bbox 91 1424 127 1466; x_wconf 79' lang='lat' dir='ltr'><strong>rra</strong></span> <span class='ocrx_word' id='word_1_96' title='bbox 139 1426 276 1488; x_wconf 81' lang='lat' dir='ltr'><strong>magnum</strong></span> <span class='ocrx_word' id='word_1_97' title='bbox 293 1406 329 1469; x_wconf 88' lang='lat' dir='ltr'><strong>iu</strong></span> <span class='ocrx_word' id='word_1_98' title='bbox 346 1415 635 1489; x_wconf 87' lang='lat' dir='ltr'><strong>utramquepartem</strong></span> <span class='ocrx_word' id='word_1_99' title='bbox 651 1415 831 1467; x_wconf 86' lang='lat' dir='ltr'><strong>momentum</strong></span> <span class='ocrx_word' id='word_1_100' title='bbox 856 1404 1033 1469; x_wconf 86' lang='lat' dir='ltr'><strong>babuerunt.</strong></span> <span class='ocrx_word' id='word_1_101' title='bbox 1062 1404 1209 1471; x_wconf 78' lang='lat' dir='ltr'><strong>Munitis·</strong></span> 
     </span>
     <span class='ocr_line' id='line_1_14' title="bbox 92 1506 1207 1593; baseline 0.007 -28"><span class='ocrx_word' id='word_1_102' title='bbox 92 1524 129 1567; x_wconf 84' lang='lat' dir='ltr'><strong>nes</strong></span> <span class='ocrx_word' id='word_1_103' title='bbox 143 1508 218 1571; x_wconf 91' lang='lat' dir='ltr'><strong>euim</strong></span> <span class='ocrx_word' id='word_1_104' title='bbox 233 1530 252 1569; x_wconf 89' lang='lat' dir='ltr'><strong>a</strong></span> <span class='ocrx_word' id='word_1_105' title='bbox 269 1508 387 1571; x_wconf 87' lang='lat' dir='ltr'><strong>eastris</strong></span> <span class='ocrx_word' id='word_1_106' title='bbox 404 1507 441 1569; x_wconf 94' lang='lat' dir='ltr'><strong>ad</strong></span> <span class='ocrx_word' id='word_1_107' title='bbox 458 1508 564 1570; x_wconf 89' lang='lat' dir='ltr'><strong>llumeu</strong></span> <span class='ocrx_word' id='word_1_108' title='bbox 573 1507 733 1591; x_wconf 81' lang='lat' dir='ltr'><strong>perductae</strong></span> <span class='ocrx_word' id='word_1_109' title='bbox 745 1508 924 1593; x_wconf 76' lang='lat' dir='ltr'><strong>expugnatis</strong></span> <span class='ocrx_word' id='word_1_110' title='bbox 935 1507 991 1569; x_wconf 87' lang='lat' dir='ltr'><strong>iam</strong></span> <span class='ocrx_word' id='word_1_111' title='bbox 1001 1509 1108 1571; x_wconf 88' lang='lat' dir='ltr'><strong>eastris</strong></span> <span class='ocrx_word' id='word_1_112' title='bbox 1118 1506 1207 1573; x_wconf 82' lang='lat' dir='ltr'><strong>Porn-</strong></span> 
     </span>
     <span class='ocr_line' id='line_1_15' title="bbox 90 1604 1206 1694; baseline 0.004 -24"><span class='ocrx_word' id='word_1_113' title='bbox 90 1609 133 1689; x_wconf 83' lang='lat' dir='ltr'><strong>pcii</strong></span> <span class='ocrx_word' id='word_1_114' title='bbox 154 1609 308 1694; x_wconf 77' lang='lat' dir='ltr'><strong>propriam</strong></span> <span class='ocrx_word' id='word_1_115' title='bbox 331 1608 564 1693; x_wconf 82' lang='lat' dir='ltr'><strong>expeditamque</strong></span> <span class='ocrx_word' id='word_1_116' title='bbox 579 1604 722 1673; x_wconf 86' lang='lat' dir='ltr'><strong>Caesaris</strong></span> <span class='ocrx_word' id='word_1_117' title='bbox 745 1609 899 1671; x_wconf 87' lang='lat' dir='ltr'><strong>uictoriam</strong></span> <span class='ocrx_word' id='word_1_118' title='bbox 924 1609 1206 1693; x_wconf 88' lang='lat' dir='ltr'><strong>interpellauerunt,</strong></span> 
     </span>
     <span class='ocr_line' id='line_1_16' title="bbox 89 1711 1206 1794; baseline 0.004 -21"><span class='ocrx_word' id='word_1_119' title='bbox 89 1712 180 1775; x_wconf 84' lang='lat' dir='ltr'><strong>cadem</strong></span> <span class='ocrx_word' id='word_1_120' title='bbox 192 1734 246 1776; x_wconf 85' lang='lat' dir='ltr'><strong>rea</strong></span> <span class='ocrx_word' id='word_1_121' title='bbox 261 1713 419 1777; x_wconf 85' lang='lat' dir='ltr'><strong>eeleritate</strong></span> <span class='ocrx_word' id='word_1_122' title='bbox 436 1712 654 1794; x_wconf 86' lang='lat' dir='ltr'><strong>insequentium</strong></span> <span class='ocrx_word' id='word_1_123' title='bbox 679 1713 794 1775; x_wconf 85' lang='lat' dir='ltr'><strong>tardata</strong></span> <span class='ocrx_word' id='word_1_124' title='bbox 813 1711 927 1775; x_wconf 85' lang='lat' dir='ltr'><strong>uostris</strong></span> <span class='ocrx_word' id='word_1_125' title='bbox 942 1712 1067 1776; x_wconf 90' lang='lat' dir='ltr'><strong>salutem</strong></span> <span class='ocrx_word' id='word_1_126' title='bbox 1083 1714 1206 1777; x_wconf 88' lang='lat' dir='ltr'><strong>attulit&#39;.</strong></span> 
     </span>
     <span class='ocr_line' id='line_1_17' title="bbox 91 1810 1208 1897; baseline 0.004 -23"><span class='ocrx_word' id='word_1_127' title='bbox 91 1810 139 1875; x_wconf 88' lang='lat' dir='ltr'><strong>llic</strong></span> <span class='ocrx_word' id='word_1_128' title='bbox 155 1826 294 1877; x_wconf 81' lang='lat' dir='ltr'><strong>extrema</strong></span> <span class='ocrx_word' id='word_1_129' title='bbox 310 1816 401 1879; x_wconf 83' lang='lat' dir='ltr'><strong>uerba</strong></span> <span class='ocrx_word' id='word_1_130' title='bbox 418 1815 628 1877; x_wconf 86' lang='lat' dir='ltr'><strong>demonstrant</strong></span> <span class='ocrx_word' id='word_1_131' title='bbox 641 1814 795 1897; x_wconf 75' lang='lat' dir='ltr'><strong>angustias</strong></span> <span class='ocrx_word' id='word_1_132' title='bbox 811 1824 972 1896; x_wconf 89' lang='lat' dir='ltr'><strong>portasque</strong></span> <span class='ocrx_word' id='word_1_133' title='bbox 988 1810 1208 1879; x_wconf 81' lang='lat' dir='ltr'><strong>aCaesariauis</strong></span> 
     </span>
     <span class='ocr_line' id='line_1_18' title="bbox 91 1914 1209 2000; baseline 0.002 -23"><span class='ocrx_word' id='word_1_134' title='bbox 91 1927 260 2000; x_wconf 70' lang='lat' dir='ltr'><strong>ermpertus,</strong></span> <span class='ocrx_word' id='word_1_135' title='bbox 285 1917 391 2000; x_wconf 89' lang='lat' dir='ltr'><strong>quibus</strong></span> <span class='ocrx_word' id='word_1_136' title='bbox 407 1918 526 1999; x_wconf 89' lang='lat' dir='ltr'><strong>equites</strong></span> <span class='ocrx_word' id='word_1_137' title='bbox 541 1914 673 1999; x_wconf 91' lang='lat' dir='ltr'><strong>Pompeii</strong></span> <span class='ocrx_word' id='word_1_138' title='bbox 690 1918 727 1981; x_wconf 88' lang='lat' dir='ltr'><strong>ad</strong></span> <span class='ocrx_word' id='word_1_139' title='bbox 743 1918 957 2000; x_wconf 88' lang='lat' dir='ltr'><strong>insequendum</strong></span> <span class='ocrx_word' id='word_1_140' title='bbox 975 1917 1084 1979; x_wconf 89' lang='lat' dir='ltr'><strong>tardati</strong></span> <span class='ocrx_word' id='word_1_141' title='bbox 1105 1917 1209 1979; x_wconf 88' lang='lat' dir='ltr'><strong>dicun·</strong></span> 
     </span>
     <span class='ocr_line' id='line_1_19' title="bbox 92 2018 1205 2103; baseline -0.001 -23"><span class='ocrx_word' id='word_1_142' title='bbox 92 2028 141 2092; x_wconf 89' lang='lat' dir='ltr'><strong>tur,</strong></span> <span class='ocrx_word' id='word_1_143' title='bbox 156 2021 186 2082; x_wconf 90' lang='lat' dir='ltr'><strong>iu</strong></span> <span class='ocrx_word' id='word_1_144' title='bbox 201 2020 420 2083; x_wconf 89' lang='lat' dir='ltr'><strong>munitionibus</strong></span> <span class='ocrx_word' id='word_1_145' title='bbox 435 2042 454 2084; x_wconf 88' lang='lat' dir='ltr'><strong>a</strong></span> <span class='ocrx_word' id='word_1_146' title='bbox 469 2019 577 2082; x_wconf 86' lang='lat' dir='ltr'><strong>castris</strong></span> <span class='ocrx_word' id='word_1_147' title='bbox 585 2020 738 2083; x_wconf 90' lang='lat' dir='ltr'><strong>adllumeo</strong></span> <span class='ocrx_word' id='word_1_148' title='bbox 749 2019 969 2103; x_wconf 89' lang='lat' dir='ltr'><strong>pertinentibus</strong></span> <span class='ocrx_word' id='word_1_149' title='bbox 979 2018 1093 2102; x_wconf 89' lang='lat' dir='ltr'><strong>positas</strong></span> <span class='ocrx_word' id='word_1_150' title='bbox 1102 2019 1205 2082; x_wconf 89' lang='lat' dir='ltr'><strong>luisse.</strong></span> 
     </span>
     <span class='ocr_line' id='line_1_20' title="bbox 92 2118 1205 2207; baseline 0 -24"><span class='ocrx_word' id='word_1_151' title='bbox 92 2122 177 2205; x_wconf 76' lang='lat' dir='ltr'><strong>Atque</strong></span> <span class='ocrx_word' id='word_1_152' title='bbox 191 2123 224 2186; x_wconf 89' lang='lat' dir='ltr'><strong>iu</strong></span> <span class='ocrx_word' id='word_1_153' title='bbox 240 2143 308 2187; x_wconf 90' lang='lat' dir='ltr'><strong>eum</strong></span> <span class='ocrx_word' id='word_1_154' title='bbox 325 2123 422 2187; x_wconf 85' lang='lat' dir='ltr'><strong>loeurn</strong></span> <span class='ocrx_word' id='word_1_155' title='bbox 440 2124 602 2205; x_wconf 86' lang='lat' dir='ltr'><strong>equitatum</strong></span> <span class='ocrx_word' id='word_1_156' title='bbox 618 2120 753 2207; x_wconf 88' lang='lat' dir='ltr'><strong>Pompeii</strong></span> <span class='ocrx_word' id='word_1_157' title='bbox 769 2124 908 2205; x_wconf 88' lang='lat' dir='ltr'><strong>impetum</strong></span> <span class='ocrx_word' id='word_1_158' title='bbox 926 2122 1035 2185; x_wconf 80' lang='lat' dir='ltr'><strong>fecisse</strong></span> <span class='ocrx_word' id='word_1_159' title='bbox 1051 2142 1089 2184; x_wconf 83' lang='lat' dir='ltr'><strong>err</strong></span> <span class='ocrx_word' id='word_1_160' title='bbox 1107 2143 1135 2183; x_wconf 90' lang='lat' dir='ltr'><strong>c.</strong></span> <span class='ocrx_word' id='word_1_161' title='bbox 1150 2118 1205 2195; x_wconf 78' lang='lat'><strong>6⁹,</strong></span> 
     </span>
     <span class='ocr_line' id='line_1_21' title="bbox 93 2221 1207 2309; baseline 0.001 -24"><span class='ocrx_word' id='word_1_162' title='bbox 93 2221 227 2289; x_wconf 86' lang='lat' dir='ltr'><strong>lscimus.</strong></span> <span class='ocrx_word' id='word_1_163' title='bbox 247 2224 293 2288; x_wconf 78' lang='lat' dir='ltr'><strong>At</strong></span> <span class='ocrx_word' id='word_1_164' title='bbox 309 2225 363 2289; x_wconf 89' lang='lat' dir='ltr'><strong>bas</strong></span> <span class='ocrx_word' id='word_1_165' title='bbox 379 2226 559 2289; x_wconf 86' lang='lat' dir='ltr'><strong>munitiones</strong></span> <span class='ocrx_word' id='word_1_166' title='bbox 574 2226 683 2288; x_wconf 89' lang='lat' dir='ltr'><strong>nullam</strong></span> <span class='ocrx_word' id='word_1_167' title='bbox 701 2226 822 2288; x_wconf 90' lang='lat' dir='ltr'><strong>omnino</strong></span> <span class='ocrx_word' id='word_1_168' title='bbox 840 2235 956 2309; x_wconf 89' lang='lat' dir='ltr'><strong>portam</strong></span> <span class='ocrx_word' id='word_1_169' title='bbox 972 2224 1111 2287; x_wconf 89' lang='lat' dir='ltr'><strong>babuisse</strong></span> <span class='ocrx_word' id='word_1_170' title='bbox 1127 2244 1207 2288; x_wconf 84' lang='lat' dir='ltr'><strong>eam·</strong></span> 
     </span>
     <span class='ocr_line' id='line_1_22' title="bbox 90 2324 1205 2417; baseline 0.002 -30"><span class='ocrx_word' id='word_1_171' title='bbox 90 2346 137 2406; x_wconf 88' lang='lat' dir='ltr'><strong>que</strong></span> <span class='ocrx_word' id='word_1_172' title='bbox 151 2348 270 2391; x_wconf 86' lang='lat' dir='ltr'><strong>eausam</strong></span> <span class='ocrx_word' id='word_1_173' title='bbox 288 2330 394 2401; x_wconf 84' lang='lat' dir='ltr'><strong>luisse,</strong></span> <span class='ocrx_word' id='word_1_174' title='bbox 408 2348 462 2392; x_wconf 93' lang='lat' dir='ltr'><strong>cur</strong></span> <span class='ocrx_word' id='word_1_175' title='bbox 477 2328 611 2391; x_wconf 85' lang='lat' dir='ltr'><strong>adextro</strong></span> <span class='ocrx_word' id='word_1_176' title='bbox 619 2324 761 2417; x_wconf 87' lang='lat' dir='ltr'><strong>Caesaris</strong></span> <span class='ocrx_word' id='word_1_177' title='bbox 770 2348 864 2391; x_wconf 87' lang='lat' dir='ltr'><strong>cornu</strong></span> <span class='ocrx_word' id='word_1_178' title='bbox 873 2336 1100 2412; x_wconf 86' lang='lat' dir='ltr'><strong>promerentur,</strong></span> <span class='ocrx_word' id='word_1_179' title='bbox 1118 2326 1205 2391; x_wconf 92' lang='lat' dir='ltr'><strong>item·</strong></span> 
     </span>
     <span class='ocr_line' id='line_1_23' title="bbox 91 2430 1204 2516; baseline -0.001 -21"><span class='ocrx_word' id='word_1_180' title='bbox 91 2450 137 2512; x_wconf 87' lang='lat' dir='ltr'><strong>que</strong></span> <span class='ocrx_word' id='word_1_181' title='bbox 154 2430 210 2495; x_wconf 85' lang='lat' dir='ltr'><strong>bae</strong></span> <span class='ocrx_word' id='word_1_182' title='bbox 232 2443 323 2516; x_wconf 88' lang='lat' dir='ltr'><strong>parte</strong></span> <span class='ocrx_word' id='word_1_183' title='bbox 345 2440 467 2514; x_wconf 88' lang='lat' dir='ltr'><strong>proruta</strong></span> <span class='ocrx_word' id='word_1_184' title='bbox 489 2431 517 2493; x_wconf 91' lang='lat' dir='ltr'><strong>id</strong></span> <span class='ocrx_word' id='word_1_185' title='bbox 535 2450 627 2493; x_wconf 86' lang='lat' dir='ltr'><strong>cornu</strong></span> <span class='ocrx_word' id='word_1_186' title='bbox 644 2452 678 2494; x_wconf 91' lang='lat' dir='ltr'><strong>se</strong></span> <span class='ocrx_word' id='word_1_187' title='bbox 693 2430 844 2514; x_wconf 85' lang='lat' dir='ltr'><strong>recepisse</strong></span> <span class='ocrx_word' id='word_1_188' title='bbox 861 2451 972 2514; x_wconf 89' lang='lat' dir='ltr'><strong>easque</strong></span> <span class='ocrx_word' id='word_1_189' title='bbox 987 2431 1142 2514; x_wconf 82' lang='lat' dir='ltr'><strong>angustias</strong></span> <span class='ocrx_word' id='word_1_190' title='bbox 1159 2431 1204 2494; x_wconf 87' lang='lat' dir='ltr'><strong>lu·</strong></span> 
     </span>
     <span class='ocr_line' id='line_1_24' title="bbox 89 2530 1205 2618; baseline -0.001 -21"><span class='ocrx_word' id='word_1_191' title='bbox 89 2533 217 2614; x_wconf 67' lang='lat' dir='ltr'><strong>perdum</strong></span> <span class='ocrx_word' id='word_1_192' title='bbox 242 2533 433 2597; x_wconf 88' lang='lat' dir='ltr'><strong>multitudiue</strong></span> <span class='ocrx_word' id='word_1_193' title='bbox 455 2543 614 2616; x_wconf 83' lang='lat' dir='ltr'><strong>occupatas</strong></span> <span class='ocrx_word' id='word_1_194' title='bbox 638 2535 731 2597; x_wconf 86' lang='lat' dir='ltr'><strong>luisse</strong></span> <span class='ocrx_word' id='word_1_195' title='bbox 754 2555 843 2618; x_wconf 89' lang='lat' dir='ltr'><strong>supra</strong></span> <span class='ocrx_word' id='word_1_196' title='bbox 864 2556 891 2597; x_wconf 88' lang='lat' dir='ltr'><strong>e.</strong></span> <span class='ocrx_word' id='word_1_197' title='bbox 909 2531 952 2598; x_wconf 83' lang='lat'><strong>68</strong></span> <span class='ocrx_word' id='word_1_198' title='bbox 975 2544 1004 2596; x_wconf 86' lang='lat' dir='ltr'><strong>at</strong></span> <span class='ocrx_word' id='word_1_199' title='bbox 1022 2530 1065 2597; x_wconf 82' lang='lat'><strong>69</strong></span> <span class='ocrx_word' id='word_1_200' title='bbox 1080 2534 1205 2598; x_wconf 87' lang='lat' dir='ltr'><strong>demon·</strong></span> 
     </span>
     <span class='ocr_line' id='line_1_25' title="bbox 88 2634 1205 2721; baseline -0.003 -21"><span class='ocrx_word' id='word_1_201' title='bbox 88 2644 200 2701; x_wconf 76' lang='lat' dir='ltr'><strong>nuatum</strong></span> <span class='ocrx_word' id='word_1_202' title='bbox 209 2647 272 2701; x_wconf 82' lang='lat' dir='ltr'><strong>est.</strong></span> <span class='ocrx_word' id='word_1_203' title='bbox 298 2634 371 2701; x_wconf 88' lang='lat' dir='ltr'><strong>lude</strong></span> <span class='ocrx_word' id='word_1_204' title='bbox 380 2638 564 2721; x_wconf 85' lang='lat' dir='ltr'><strong>perspicuum</strong></span> <span class='ocrx_word' id='word_1_205' title='bbox 573 2646 619 2701; x_wconf 89' lang='lat' dir='ltr'><strong>est</strong></span> <span class='ocrx_word' id='word_1_206' title='bbox 628 2648 731 2719; x_wconf 88' lang='lat' dir='ltr'><strong>portas</strong></span> <span class='ocrx_word' id='word_1_207' title='bbox 742 2636 789 2699; x_wconf 87' lang='lat' dir='ltr'><strong>bie</strong></span> <span class='ocrx_word' id='word_1_208' title='bbox 801 2657 859 2699; x_wconf 90' lang='lat' dir='ltr'><strong>non</strong></span> <span class='ocrx_word' id='word_1_209' title='bbox 871 2636 965 2720; x_wconf 81' lang='lat' dir='ltr'><strong>magis</strong></span> <span class='ocrx_word' id='word_1_210' title='bbox 980 2636 1205 2699; x_wconf 90' lang='lat' dir='ltr'><strong>commemorari</strong></span> 
     </span>
     <span class='ocr_line' id='line_1_26' title="bbox 88 2736 1207 2823; baseline -0.004 -22"><span class='ocrx_word' id='word_1_211' title='bbox 88 2740 208 2819; x_wconf 86' lang='lat' dir='ltr'><strong>potuisse</strong></span> <span class='ocrx_word' id='word_1_212' title='bbox 225 2760 317 2821; x_wconf 88' lang='lat' dir='ltr'><strong>quam</strong></span> <span class='ocrx_word' id='word_1_213' title='bbox 333 2741 419 2823; x_wconf 89' lang='lat' dir='ltr'><strong>paulo</strong></span> <span class='ocrx_word' id='word_1_214' title='bbox 433 2751 503 2804; x_wconf 87' lang='lat' dir='ltr'><strong>aute</strong></span> <span class='ocrx_word' id='word_1_215' title='bbox 520 2760 625 2822; x_wconf 88' lang='lat' dir='ltr'><strong>equos.</strong></span> <span class='ocrx_word' id='word_1_216' title='bbox 649 2736 685 2801; x_wconf 91' lang='lat' dir='ltr'><strong>ln</strong></span> <span class='ocrx_word' id='word_1_217' title='bbox 701 2738 797 2801; x_wconf 86' lang='lat' dir='ltr'><strong>tribus</strong></span> <span class='ocrx_word' id='word_1_218' title='bbox 813 2738 930 2823; x_wconf 87' lang='lat' dir='ltr'><strong>optimis</strong></span> <span class='ocrx_word' id='word_1_219' title='bbox 946 2747 1145 2820; x_wconf 89' lang='lat' dir='ltr'><strong>quattuorque</strong></span> <span class='ocrx_word' id='word_1_220' title='bbox 1157 2737 1207 2797; x_wconf 86' lang='lat' dir='ltr'><strong>de·</strong></span> 
     </span>
     <span class='ocr_line' id='line_1_27' title="bbox 86 2836 1209 2925; baseline -0.004 -20"><span class='ocrx_word' id='word_1_221' title='bbox 86 2841 240 2905; x_wconf 79' lang='lat' dir='ltr'><strong>lenioribus</strong></span> <span class='ocrx_word' id='word_1_222' title='bbox 257 2842 344 2904; x_wconf 79' lang='lat' dir='ltr'><strong>codd.</strong></span> <span class='ocrx_word' id='word_1_223' title='bbox 364 2864 398 2905; x_wconf 87' lang='lat' dir='ltr'><strong>ea</strong></span> <span class='ocrx_word' id='word_1_224' title='bbox 415 2842 505 2905; x_wconf 90' lang='lat' dir='ltr'><strong>uerba</strong></span> <span class='ocrx_word' id='word_1_225' title='bbox 520 2842 559 2905; x_wconf 89' lang='lat' dir='ltr'><strong>ita</strong></span> <span class='ocrx_word' id='word_1_226' title='bbox 576 2843 688 2925; x_wconf 87' lang='lat' dir='ltr'><strong>scripta</strong></span> <span class='ocrx_word' id='word_1_227' title='bbox 703 2850 785 2905; x_wconf 70' lang='lat' dir='ltr'><strong>sunta</strong></span> <span class='ocrx_word' id='word_1_228' title='bbox 806 2836 1209 2925; x_wconf 79' lang='lat' dir='ltr'><strong>‘angustisportisatquebia</strong></span> 
     </span>
     <span class='ocr_line' id='line_1_28' title="bbox 85 2940 1204 3029; baseline -0.003 -25"><span class='ocrx_word' id='word_1_229' title='bbox 85 2940 260 3008; x_wconf 77' lang='lat' dir='ltr'><strong>assuesaris</strong></span> <span class='ocrx_word' id='word_1_230' title='bbox 274 2944 416 3008; x_wconf 91' lang='lat' dir='ltr'><strong>militibus</strong></span> <span class='ocrx_word' id='word_1_231' title='bbox 432 2944 607 3029; x_wconf 88' lang='lat' dir='ltr'><strong>occupatis&#39;.</strong></span> <span class='ocrx_word' id='word_1_232' title='bbox 632 2943 735 3026; x_wconf 88' lang='lat' dir='ltr'><strong>ltaque</strong></span> <span class='ocrx_word' id='word_1_233' title='bbox 752 2945 826 3008; x_wconf 88' lang='lat' dir='ltr'><strong>baec</strong></span> <span class='ocrx_word' id='word_1_234' title='bbox 843 2943 885 3007; x_wconf 86' lang='lat' dir='ltr'><strong>ita</strong></span> <span class='ocrx_word' id='word_1_235' title='bbox 900 2952 972 3005; x_wconf 86' lang='lat' dir='ltr'><strong>sunt</strong></span> <span class='ocrx_word' id='word_1_236' title='bbox 984 2940 1204 3003; x_wconf 85' lang='lat' dir='ltr'><strong>constituenda:</strong></span> 
     </span>
     <span class='ocr_line' id='line_1_29' title="bbox 87 3043 1207 3132; baseline -0.002 -23"><span class='ocrx_word' id='word_1_237' title='bbox 87 3048 271 3130; x_wconf 82' lang='lat' dir='ltr'><strong>‘equitesque</strong></span> <span class='ocrx_word' id='word_1_238' title='bbox 285 3047 350 3111; x_wconf 87' lang='lat' dir='ltr'><strong>eius</strong></span> <span class='ocrx_word' id='word_1_239' title='bbox 365 3047 513 3132; x_wconf 82' lang='lat' dir='ltr'><strong>augustiis</strong></span> <span class='ocrx_word' id='word_1_240' title='bbox 525 3058 614 3130; x_wconf 90' lang='lat' dir='ltr'><strong>atque</strong></span> <span class='ocrx_word' id='word_1_241' title='bbox 631 3048 676 3111; x_wconf 89' lang='lat' dir='ltr'><strong>bis</strong></span> <span class='ocrx_word' id='word_1_242' title='bbox 691 3068 708 3111; x_wconf 92' lang='lat' dir='ltr'><strong>a</strong></span> <span class='ocrx_word' id='word_1_243' title='bbox 727 3043 870 3110; x_wconf 88' lang='lat' dir='ltr'><strong>Caesaris</strong></span> <span class='ocrx_word' id='word_1_244' title='bbox 890 3043 1032 3108; x_wconf 89' lang='lat' dir='ltr'><strong>militibus</strong></span> <span class='ocrx_word' id='word_1_245' title='bbox 1054 3043 1207 3128; x_wconf 82' lang='lat' dir='ltr'><strong>occupatis</strong></span> 
     </span>
     <span class='ocr_line' id='line_1_30' title="bbox 84 3146 1204 3233; baseline -0.004 -20"><span class='ocrx_word' id='word_1_246' title='bbox 84 3150 116 3213; x_wconf 80' lang='lat' dir='ltr'><strong>ad</strong></span> <span class='ocrx_word' id='word_1_247' title='bbox 127 3150 350 3233; x_wconf 87' lang='lat' dir='ltr'><strong>insequendum</strong></span> <span class='ocrx_word' id='word_1_248' title='bbox 361 3150 577 3213; x_wconf 89' lang='lat' dir='ltr'><strong>tardabantur&#39;.</strong></span> <span class='ocrx_word' id='word_1_249' title='bbox 601 3146 637 3211; x_wconf 89' lang='lat' dir='ltr'><strong>ln</strong></span> <span class='ocrx_word' id='word_1_250' title='bbox 652 3168 688 3212; x_wconf 93' lang='lat' dir='ltr'><strong>co</strong></span> <span class='ocrx_word' id='word_1_251' title='bbox 704 3148 819 3227; x_wconf 86' lang='lat' dir='ltr'><strong>codice,</strong></span> <span class='ocrx_word' id='word_1_252' title='bbox 837 3170 894 3231; x_wconf 90' lang='lat' dir='ltr'><strong>quo</strong></span> <span class='ocrx_word' id='word_1_253' title='bbox 904 3147 1049 3231; x_wconf 83' lang='lat' dir='ltr'><strong>magister</strong></span> <span class='ocrx_word' id='word_1_254' title='bbox 1058 3166 1129 3209; x_wconf 90' lang='lat' dir='ltr'><strong>usus</strong></span> <span class='ocrx_word' id='word_1_255' title='bbox 1145 3156 1204 3222; x_wconf 87' lang='lat' dir='ltr'><strong>est,</strong></span> 
     </span>
     <span class='ocr_line' id='line_1_31' title="bbox 86 3247 1206 3336; baseline -0.004 -21"><span class='ocrx_word' id='word_1_256' title='bbox 86 3253 243 3335; x_wconf 79' lang='lat' dir='ltr'><strong>‘augustis&#39;</strong></span> <span class='ocrx_word' id='word_1_257' title='bbox 259 3262 326 3317; x_wconf 91' lang='lat' dir='ltr'><strong>erat</strong></span> <span class='ocrx_word' id='word_1_258' title='bbox 340 3252 495 3336; x_wconf 86' lang='lat' dir='ltr'><strong>scriptum,</strong></span> <span class='ocrx_word' id='word_1_259' title='bbox 513 3263 546 3315; x_wconf 92' lang='lat' dir='ltr'><strong>ut</strong></span> <span class='ocrx_word' id='word_1_260' title='bbox 559 3250 591 3313; x_wconf 93' lang='lat' dir='ltr'><strong>in</strong></span> <span class='ocrx_word' id='word_1_261' title='bbox 606 3250 736 3334; x_wconf 85' lang='lat' dir='ltr'><strong>antiquis</strong></span> <span class='ocrx_word' id='word_1_262' title='bbox 753 3251 836 3316; x_wconf 90' lang='lat' dir='ltr'><strong>libris</strong></span> <span class='ocrx_word' id='word_1_263' title='bbox 851 3250 939 3315; x_wconf 91' lang='lat' dir='ltr'><strong>solet.</strong></span> <span class='ocrx_word' id='word_1_264' title='bbox 977 3247 1009 3313; x_wconf 92' lang='lat' dir='ltr'><strong>ld</strong></span> <span class='ocrx_word' id='word_1_265' title='bbox 1026 3271 1092 3313; x_wconf 90' lang='lat' dir='ltr'><strong>euru</strong></span> <span class='ocrx_word' id='word_1_266' title='bbox 1109 3248 1136 3311; x_wconf 90' lang='lat' dir='ltr'><strong>ei</strong></span> <span class='ocrx_word' id='word_1_267' title='bbox 1152 3248 1206 3310; x_wconf 88' lang='lat' dir='ltr'><strong>bo·</strong></span> 
     </span>
     <span class='ocr_line' id='line_1_32' title="bbox 84 3350 1209 3439; baseline -0.004 -23"><span class='ocrx_word' id='word_1_268' title='bbox 84 3354 147 3419; x_wconf 88' lang='lat' dir='ltr'><strong>miri</strong></span> <span class='ocrx_word' id='word_1_269' title='bbox 162 3356 346 3419; x_wconf 85' lang='lat' dir='ltr'><strong>adieetiuum</strong></span> <span class='ocrx_word' id='word_1_270' title='bbox 363 3354 526 3430; x_wconf 90' lang='lat' dir='ltr'><strong>uideretur,</strong></span> <span class='ocrx_word' id='word_1_271' title='bbox 543 3352 719 3416; x_wconf 86' lang='lat' dir='ltr'><strong>uocabulum</strong></span> <span class='ocrx_word' id='word_1_272' title='bbox 736 3354 842 3418; x_wconf 86' lang='lat' dir='ltr'><strong>deesse</strong></span> <span class='ocrx_word' id='word_1_273' title='bbox 856 3354 995 3439; x_wconf 86' lang='lat' dir='ltr'><strong>opinatus</strong></span> <span class='ocrx_word' id='word_1_274' title='bbox 1011 3362 1113 3437; x_wconf 88' lang='lat' dir='ltr'><strong>portas</strong></span> <span class='ocrx_word' id='word_1_275' title='bbox 1127 3350 1209 3413; x_wconf 84' lang='lat' dir='ltr'><strong>adie-</strong></span> 
     </span>
     <span class='ocr_line' id='line_1_33' title="bbox 87 3452 1209 3541; baseline -0.006 -22"><span class='ocrx_word' id='word_1_276' title='bbox 87 3457 136 3535; x_wconf 82' lang='lat' dir='ltr'><strong>dt,</strong></span> <span class='ocrx_word' id='word_1_277' title='bbox 158 3478 289 3541; x_wconf 88' lang='lat' dir='ltr'><strong>quarum</strong></span> <span class='ocrx_word' id='word_1_278' title='bbox 313 3456 467 3541; x_wconf 83' lang='lat' dir='ltr'><strong>augustias</strong></span> <span class='ocrx_word' id='word_1_279' title='bbox 487 3455 519 3519; x_wconf 92' lang='lat' dir='ltr'><strong>iu</strong></span> <span class='ocrx_word' id='word_1_280' title='bbox 535 3454 680 3519; x_wconf 90' lang='lat' dir='ltr'><strong>eiusmodi</strong></span> <span class='ocrx_word' id='word_1_281' title='bbox 695 3475 768 3519; x_wconf 92' lang='lat' dir='ltr'><strong>casu</strong></span> <span class='ocrx_word' id='word_1_282' title='bbox 782 3476 872 3540; x_wconf 90' lang='lat' dir='ltr'><strong>saepe</strong></span> <span class='ocrx_word' id='word_1_283' title='bbox 888 3455 1070 3539; x_wconf 79' lang='lat' dir='ltr'><strong>fugientibus</strong></span> <span class='ocrx_word' id='word_1_284' title='bbox 1084 3452 1209 3535; x_wconf 91' lang='lat' dir='ltr'><strong>impedi·</strong></span> 
     </span>
     <span class='ocr_line' id='line_1_34' title="bbox 89 3552 1209 3643; baseline -0.009 -21"><span class='ocrx_word' id='word_1_285' title='bbox 89 3574 179 3625; x_wconf 84' lang='lat' dir='ltr'><strong>nerto</strong></span> <span class='ocrx_word' id='word_1_286' title='bbox 192 3560 291 3623; x_wconf 86' lang='lat' dir='ltr'><strong>luisse</strong></span> <span class='ocrx_word' id='word_1_287' title='bbox 307 3558 433 3643; x_wconf 78' lang='lat' dir='ltr'><strong>legerat.</strong></span> <span class='ocrx_word' id='word_1_288' title='bbox 465 3555 583 3622; x_wconf 89' lang='lat' dir='ltr'><strong>Poterit</strong></span> <span class='ocrx_word' id='word_1_289' title='bbox 603 3558 692 3623; x_wconf 85' lang='lat' dir='ltr'><strong>alieni</strong></span> <span class='ocrx_word' id='word_1_290' title='bbox 714 3557 746 3620; x_wconf 87' lang='lat' dir='ltr'><strong>iu</strong></span> <span class='ocrx_word' id='word_1_291' title='bbox 766 3569 896 3622; x_wconf 83' lang='lat' dir='ltr'><strong>mentam</strong></span> <span class='ocrx_word' id='word_1_292' title='bbox 919 3558 1024 3620; x_wconf 88' lang='lat' dir='ltr'><strong>uenire</strong></span> <span class='ocrx_word' id='word_1_293' title='bbox 1048 3552 1209 3636; x_wconf 82' lang='lat' dir='ltr'><strong>‘angustiis</strong></span> 
     </span>
     <span class='ocr_line' id='line_1_35' title="bbox 92 3658 1209 3745; baseline -0.012 -18"><span class='ocrx_word' id='word_1_294' title='bbox 92 3665 221 3742; x_wconf 87' lang='lat' dir='ltr'><strong>prorutis’</strong></span> <span class='ocrx_word' id='word_1_295' title='bbox 245 3662 441 3745; x_wconf 76' lang='lat' dir='ltr'><strong>effingendam</strong></span> <span class='ocrx_word' id='word_1_296' title='bbox 464 3680 544 3723; x_wconf 85' lang='lat' dir='ltr'><strong>esse.</strong></span> <span class='ocrx_word' id='word_1_297' title='bbox 577 3658 693 3725; x_wconf 86' lang='lat' dir='ltr'><strong>Varum</strong></span> <span class='ocrx_word' id='word_1_298' title='bbox 713 3661 869 3744; x_wconf 80' lang='lat' dir='ltr'><strong>augustiae</strong></span> <span class='ocrx_word' id='word_1_299' title='bbox 889 3679 984 3742; x_wconf 89' lang='lat' dir='ltr'><strong>neque</strong></span> <span class='ocrx_word' id='word_1_300' title='bbox 1001 3678 1055 3743; x_wconf 88' lang='lat' dir='ltr'><strong>per</strong></span> <span class='ocrx_word' id='word_1_301' title='bbox 1075 3676 1109 3719; x_wconf 85' lang='lat' dir='ltr'><strong>se</strong></span> <span class='ocrx_word' id='word_1_302' title='bbox 1125 3663 1209 3717; x_wconf 88' lang='lat' dir='ltr'><strong>recte</strong></span> 
     </span>
     <span class='ocr_line' id='line_1_36' title="bbox 93 3759 1211 3844; baseline -0.01 -17"><span class='ocrx_word' id='word_1_303' title='bbox 93 3766 179 3843; x_wconf 83' lang='lat' dir='ltr'><strong>promi</strong></span> <span class='ocrx_word' id='word_1_304' title='bbox 201 3764 345 3829; x_wconf 87' lang='lat' dir='ltr'><strong>dicuutur</strong></span> <span class='ocrx_word' id='word_1_305' title='bbox 365 3773 398 3828; x_wconf 86' lang='lat' dir='ltr'><strong>et</strong></span> <span class='ocrx_word' id='word_1_306' title='bbox 419 3762 624 3827; x_wconf 84' lang='lat' dir='ltr'><strong>efficiebantur</strong></span> <span class='ocrx_word' id='word_1_307' title='bbox 646 3763 761 3825; x_wconf 88' lang='lat' dir='ltr'><strong>demum</strong></span> <span class='ocrx_word' id='word_1_308' title='bbox 782 3782 819 3827; x_wconf 92' lang='lat' dir='ltr'><strong>eo</strong></span> <span class='ocrx_word' id='word_1_309' title='bbox 833 3762 918 3839; x_wconf 85' lang='lat' dir='ltr'><strong>loeo,</strong></span> <span class='ocrx_word' id='word_1_310' title='bbox 936 3781 995 3844; x_wconf 92' lang='lat' dir='ltr'><strong>quo</strong></span> <span class='ocrx_word' id='word_1_311' title='bbox 1011 3759 1123 3824; x_wconf 88' lang='lat' dir='ltr'><strong>uallum</strong></span> <span class='ocrx_word' id='word_1_312' title='bbox 1141 3774 1211 3839; x_wconf 93' lang='lat' dir='ltr'><strong>pro-</strong></span> 
     </span>
     <span class='ocr_line' id='line_1_37' title="bbox 98 3876 276 3931; baseline 0.011 -2"><span class='ocrx_word' id='word_1_313' title='bbox 98 3876 181 3930; x_wconf 86' lang='lat' dir='ltr'><strong>rutum</strong></span> <span class='ocrx_word' id='word_1_314' title='bbox 196 3877 276 3931; x_wconf 90' lang='lat' dir='ltr'><strong>erat.</strong></span> 
     </span>
     <span class='ocr_line' id='line_1_38' title="bbox 167 3958 1215 4049; baseline -0.016 -15"><span class='ocrx_word' id='word_1_315' title='bbox 167 3966 206 4034; x_wconf 88' lang='lat' dir='ltr'><strong>C.</strong></span> <span class='ocrx_word' id='word_1_316' title='bbox 222 3968 279 4049; x_wconf 79' lang='lat'><strong>73,</strong></span> <span class='ocrx_word' id='word_1_317' title='bbox 297 3968 316 4031; x_wconf 81' lang='lat'><strong>5</strong></span> <span class='ocrx_word' id='word_1_318' title='bbox 332 3980 414 4035; x_wconf 88' lang='lat' dir='ltr'><strong>reete</strong></span> <span class='ocrx_word' id='word_1_319' title='bbox 429 3972 473 4035; x_wconf 85' lang='lat' dir='ltr'><strong>sic</strong></span> <span class='ocrx_word' id='word_1_320' title='bbox 488 3970 598 4035; x_wconf 75' lang='lat' dir='ltr'><strong>editura</strong></span> <span class='ocrx_word' id='word_1_321' title='bbox 622 3965 700 4033; x_wconf 83' lang='lat' dir='ltr'><strong>‘Sed</strong></span> <span class='ocrx_word' id='word_1_322' title='bbox 715 3968 782 4030; x_wconf 88' lang='lat' dir='ltr'><strong>siue</strong></span> <span class='ocrx_word' id='word_1_323' title='bbox 798 3964 930 4048; x_wconf 90' lang='lat' dir='ltr'><strong>ipsorum</strong></span> <span class='ocrx_word' id='word_1_324' title='bbox 946 3961 1132 4047; x_wconf 84' lang='lat' dir='ltr'><strong>perturbatio</strong></span> <span class='ocrx_word' id='word_1_325' title='bbox 1148 3958 1215 4020; x_wconf 87' lang='lat' dir='ltr'><strong>siue</strong></span> 
     </span>
     <span class='ocr_line' id='line_1_39' title="bbox 103 4059 1214 4157; baseline -0.014 -23"><span class='ocrx_word' id='word_1_326' title='bbox 103 4086 171 4134; x_wconf 78' lang='lat' dir='ltr'><strong>error</strong></span> <span class='ocrx_word' id='word_1_327' title='bbox 183 4072 292 4157; x_wconf 89' lang='lat' dir='ltr'><strong>aliquis</strong></span> <span class='ocrx_word' id='word_1_328' title='bbox 307 4073 374 4137; x_wconf 90' lang='lat' dir='ltr'><strong>siue</strong></span> <span class='ocrx_word' id='word_1_329' title='bbox 390 4073 480 4138; x_wconf 89' lang='lat' dir='ltr'><strong>etiam</strong></span> <span class='ocrx_word' id='word_1_330' title='bbox 497 4075 617 4138; x_wconf 87' lang='lat' dir='ltr'><strong>lortuua</strong></span> <span class='ocrx_word' id='word_1_331' title='bbox 631 4080 745 4157; x_wconf 86' lang='lat' dir='ltr'><strong>partam</strong></span> <span class='ocrx_word' id='word_1_332' title='bbox 765 4068 825 4131; x_wconf 86' lang='lat' dir='ltr'><strong>iam</strong></span> <span class='ocrx_word' id='word_1_333' title='bbox 847 4077 1095 4152; x_wconf 87' lang='lat' dir='ltr'><strong>praesentemque</strong></span> <span class='ocrx_word' id='word_1_334' title='bbox 1117 4059 1214 4121; x_wconf 87' lang='lat' dir='ltr'><strong>uicto-</strong></span> 
     </span>
     <span class='ocr_line' id='line_1_40' title="bbox 106 4157 1216 4262; baseline -0.016 -25"><span class='ocrx_word' id='word_1_335' title='bbox 106 4168 162 4236; x_wconf 77' lang='lat' dir='ltr'><strong>riam</strong></span> <span class='ocrx_word' id='word_1_336' title='bbox 179 4174 447 4262; x_wconf 84' lang='lat' dir='ltr'><strong>interpellauisset,</strong></span> <span class='ocrx_word' id='word_1_337' title='bbox 470 4178 598 4245; x_wconf 85' lang='lat' dir='ltr'><strong>dandam</strong></span> <span class='ocrx_word' id='word_1_338' title='bbox 618 4173 755 4239; x_wconf 90' lang='lat' dir='ltr'><strong>omuibus</strong></span> <span class='ocrx_word' id='word_1_339' title='bbox 776 4190 915 4255; x_wconf 90' lang='lat' dir='ltr'><strong>operam,</strong></span> <span class='ocrx_word' id='word_1_340' title='bbox 938 4178 972 4234; x_wconf 91' lang='lat' dir='ltr'><strong>ut</strong></span> <span class='ocrx_word' id='word_1_341' title='bbox 993 4172 1149 4249; x_wconf 87' lang='lat' dir='ltr'><strong>acceptum</strong></span> <span class='ocrx_word' id='word_1_342' title='bbox 1169 4157 1216 4221; x_wconf 89' lang='lat' dir='ltr'><strong>iu·</strong></span> 
     </span>
    </p>
   </div>
   <div class='ocr_carea' id='block_1_5' title="bbox 0 0 1328 5124">
    <p class='ocr_par' dir='ltr' id='par_1_5' title="bbox 0 0 1328 5124">
     <span class='ocr_line' id='line_1_41' title="bbox 0 0 1328 5124; baseline 0 1"><span class='ocrx_word' id='word_1_343' title='bbox 0 0 1328 5124; x_wconf 95' lang='lat' dir='ltr'><strong> </strong></span> 
     </span>
    </p>
   </div>
  </div>
 </body>
</html>
