2646 5124
502 520 805 585 ...72-

92 700 233 786 antiquos
247 705 280 759 et
293 694 427 777 integros
442 692 529 757 codd.
547 713 609 757 non
624 690 780 770 babemus,
796 690 872 757 baec
884 692 1056 757 uucwritas
1069 690 1216 759 desideru-

92 814 160 865 tur:
178 821 239 863 uuo
255 808 354 861 lamen
368 796 446 875 loco,
464 794 494 859 b.
513 795 574 859 cin.
590 792 625 873 I,
642 792 703 872 36,
726 792 743 857 1
762 794 904 858 ‘classem
918 814 1037 879 quomo
1052 816 1162 861 nessus
1174 796 1216 863 di-

94 902 224 967 miltunt'
240 900 384 983 seriptum
400 898 492 961 estin
507 896 597 963 Leid.
615 919 651 982 pr
667 922 677 974 ς
694 893 709 959 I
719 942 728 975 ,
744 894 798 973 25,
815 894 849 959 o.
866 892 910 973 II,
925 894 959 973 8,
975 892 1010 959 3.
1026 895 1059 959 5.
1077 896 1149 963 sar.
1161 896 1213 977 21,

92 1003 112 1068 3
128 1003 201 1067 nihil
216 1022 258 1066 ex
273 1000 360 1065 bonis
375 1001 462 1064 codd.
480 1011 615 1077 notatur,
632 999 690 1064 nisi
706 998 783 1082 quod
797 998 929 1061 secundo
944 997 1012 1063 loco
1025 996 1213 1065 tuumne.

93 1117 125 1170 et
138 1104 227 1169 Leid.
253 1125 299 1188 pr.
322 1124 386 1167 uox
405 1103 549 1187 ‘quoquo'
573 1102 732 1165 omittitur.
763 1097 816 1163 Ex
837 1100 905 1165 aliis
927 1102 1128 1187 scriptoribus
1142 1102 1215 1187 upuI

93 1207 218 1272 Vitruu.
237 1202 323 1284 VIII,
343 1204 374 1284 1,
390 1204 413 1269 l
428 1214 557 1289 ‘quoque
572 1205 690 1268 uersus'
705 1213 868 1267 annulatur
882 1224 924 1267 ex
938 1203 1042 1269 codice
1059 1201 1215 1271 Cottonis·

93 1331 145 1388 no,
163 1331 211 1394 ap.
230 1305 350 1374 Colum.
368 1308 405 1371 de
420 1307 485 1371 arb.
503 1307 535 1381 l,
552 1304 573 1369 3
588 1326 630 1369 ex
644 1304 804 1369 collatione
819 1302 973 1383 Politiani,
990 1304 1216 1393 apApuLMe·

92 1422 167 1477 tum
185 1409 226 1487 II,
243 1411 277 1491 2,
295 1433 324 1496 p.
341 1408 384 1475 88
399 1406 479 1477 Oud.
497 1429 539 1473 ex
552 1405 691 1472 Fuscusi
705 1417 738 1471 et
752 1406 865 1471 omisso
881 1408 1026 1472 ‘uersum’
1041 1428 1086 1475 cx
1099 1406 1216 1497 Lipsia-

93 1538 145 1595 no,
163 1526 291 1598 utroque
306 1513 468 1579 deteriore.
500 1509 637 1593 Reliquis
652 1509 740 1583 Iocis,
757 1508 807 1593 qui
823 1510 896 1575 mibi
910 1514 976 1575 noti
989 1522 1074 1593 sunt,
1095 1510 1168 1579 Cat.
1182 1514 1217 1581 dt

93 1640 127 1683 rc
143 1631 219 1683 rust.
236 1615 288 1693 15,
305 1614 398 1680 Varr.
416 1614 454 1676 dc
468 1633 502 1675 re
517 1622 593 1675 rust.
610 1608 645 1689 I,
664 1610 723 1689 lo,
739 1611 773 1687 2,
791 1608 858 1675 Cic.
875 1610 956 1678 Pbil.
972 1610 1023 1679 IX
1043 1626 1149 1695 extr„
1165 1612 1217 1683 Vi·

94 1734 175 1785 trun.
192 1719 236 1798 II,
252 1716 284 1796 3,
302 1717 334 1781 3.
350 1713 410 1790 ΙΙΙ,
428 1714 462 1792 5,
478 1712 511 1777 3.
528 1709 586 1791 Ν,
605 1714 636 1793 1,
655 1712 706 1778 II.
724 1710 767 1792 V,
786 1712 818 1791 1,
833 1711 866 1777 9.
883 1712 929 1794 Χ,
947 1715 1001 1797 ll,
1020 1716 1039 1781 I
1054 1718 1143 1797 ct2,
1159 1714 1216 1785 Gu-

93 1824 167 1887 lum.
183 1822 225 1900 V,
245 1820 282 1898 1,
301 1820 331 1882 5.
350 1814 444 1892 VIII,
461 1812 500 1891 3,
516 1816 549 1879 2.
565 1814 633 1893 XI,
649 1815 689 1894 2,
705 1814 768 1895 28,
785 1816 822 1880 de
836 1817 902 1880 arb.
919 1818 974 1897 27,
990 1818 1025 1899 2,
1041 1818 1137 1905 Apul.
1152 1820 1217 1889 IIs·

93 1935 166 1989 tam.
184 1919 277 1999 VIII,
294 1920 348 1997 27,
366 1943 396 2004 p.
413 1917 477 1983 580
492 1915 587 1995 Oud.,
604 1916 778 2004 Symmscb.
795 1941 844 2004 op.
861 1917 894 1997 I,
911 1920 932 1983 l
947 1921 1015 1985 sine
1030 1922 1093 1988 ulla
1108 1924 1216 1991 111110-

92 2026 193 2112 pantio
210 2023 351 2108 ‘quoquo'
367 2022 477 2087 editur.
501 2016 590 2103 Quod
601 2021 633 2085 in
644 2032 729 2085 tanta
743 2021 917 2087 criticorum
932 2026 1098 2093 securitate
1111 2028 1216 2093 mun·

90 2128 185 2191 uideri
202 2148 262 2190 nnn
277 2126 376 2189 debet.

178 2226 216 2295 C.
233 2228 276 2293 24
292 2226 410 2293 Caesar
423 2228 518 2291 refert
534 2226 722 2311 Aquitanos,
744 2228 881 2311 quamuis
897 2227 962 2293 sine
977 2228 1112 2314 periculo
1127 2252 1162 2297 su
1175 2231 1221 2305 di-¹

92 2334 256 2397 micaturos
271 2354 339 2395 cum
355 2325 470 2394 Crasso
486 2330 731 2408 existimassent,
756 2341 856 2393 tamen
871 2331 1036 2395 intercluso
1050 2344 1217 2399 commeatu

91 2434 246 2499 Romanos
261 2436 297 2498 ad
314 2434 444 2519 inopiam
460 2433 598 2516 redigere
622 2452 716 2514 eaque
738 2455 772 2497 re
794 2434 930 2518 recipere
952 2454 1021 2497 sese
1044 2446 1169 2501 coactos
1186 2437 1217 2500 iu

90 2539 199 2601 itinere
214 2538 373 2621 impeditos
388 2535 501 2599 adoriri
517 2534 670 2598 maluisse.
715 2533 833 2599 Deinde
858 2537 932 2600 haec
954 2538 986 2599 in
1001 2538 1088 2600 codd.
1106 2540 1217 2624 scriptu

91 2651 177 2704 sunt:
208 2638 288 2702 ‘Iloc
304 2639 430 2702 consilio
446 2637 570 2721 probato
586 2636 623 2700 ab
639 2636 761 2701 ducibus
778 2639 929 2723 productis
945 2638 1152 2706 Romanorum
1167 2664 1216 2705 co-

91 2744 148 2827 piis
163 2764 233 2806 sese
248 2742 356 2805 eastris
374 2740 529 2805 tenebant.
575 2738 642 2803 Hac
665 2760 699 2803 rc
721 2752 876 2824 perspecta
898 2737 1050 2819 Crassus,
1074 2764 1142 2807 cnm
1164 2764 1218 2809 sua

92 2845 281 2908 cunctatione
304 2854 392 2925 atque
415 2842 555 2927 opiuionc
578 2841 742 2906 timidiores
766 2843 866 2907 hostes
887 2855 1008 2907 nostros
1029 2846 1142 2910 milites
1157 2847 1217 2911 als-

92 2947 206 3011 criores
221 2947 258 3008 ad
275 2945 463 3029 pugnandum
480 2944 662 3023 effecissent,
680 2947 1010 3027 atqueomniumnooes
1026 2950 1216 3027 audirentur,

92 3050 246 3132 expectari
262 3047 372 3110 diutins
389 3068 448 3110 non
465 3057 623 3131 oportere,
647 3048 718 3129 quin
739 3048 775 3109 ad
791 3059 892 3112 eastra
907 3050 1019 3126 iretur,
1042 3051 1218 3115 cohortatus

92 3172 164 3216 suos
188 3149 325 3215 omnibus
356 3149 544 3235 cupientibus
573 3150 610 3213 ad
641 3150 770 3213 hostium
800 3161 901 3214 castra
929 3153 1111 3216 contendit‘.
1159 3151 1218 3218 ffic

92 3255 185 3319 uerba
203 3259 282 3317 ‘eum
295 3253 485 3318 cunctatione
500 3274 556 3317 sun
571 3263 658 3337 atque
675 3253 815 3337 opinione
831 3254 996 3319 timidiores
1013 3256 1127 3318 bostes'
1143 3266 1216 3319 cclt.

90 3356 332 3442 inexplicabilem
348 3356 458 3421 babent
473 3358 689 3421 dillirullalem.
735 3355 875 3419 Hostium
893 3357 972 3420 enim
987 3358 1085 3442 aliqua
1101 3358 1215 3443 opinio,

91 3482 150 3540 qua
167 3461 331 3524 timidiores
349 3461 419 3524 lacti
437 3469 551 3536 essent,
568 3460 702 3542 intellegi
719 3479 778 3520 non
794 3469 903 3542 potest,
922 3460 1028 3545 quippe
1042 3480 1117 3541 quos
1134 3460 1219 3526 nulla

90 3572 230 3643 exparte
248 3562 366 3624 timidos
382 3563 475 3625 luisse
491 3580 519 3620 c.
535 3558 590 3638 25,
617 3560 632 3621 I
650 3559 818 3624 luculenter
833 3561 1017 3625 declaretur:
1044 3574 1130 3626 ‘cum
1145 3563 1218 3628 item

91 3661 127 3725 ab
144 3661 279 3724 hostibus
295 3672 470 3724 constanter
485 3681 520 3723 ac
535 3682 595 3725 non
612 3661 714 3725 timide
729 3665 935 3746 pugnaretur’.
958 3661 1065 3729 Potius
1081 3666 1127 3729 bis
1142 3666 1219 3751 ipsis

90 3764 193 3828 uerbis
209 3763 317 3847 eapitis
331 3758 373 3825 25
386 3761 778 3827 demonstratanaesarem
796 3766 850 3828 boc
866 3767 945 3844 loco,
963 3768 999 3829 de
1015 3789 1073 3849 quo
1088 3768 1219 3853 agimus,

91 3866 259 3951 Aquitanos
277 3864 395 3928 timidos
411 3863 493 3928 uisos
509 3886 577 3928 esse
591 3864 739 3931 Romanis
756 3868 899 3932 militibus
916 3870 1114 3952 significasse.
1154 3870 1220 3936 Its-

92 3990 151 4052 que
167 3966 371 4032 Sclrneidorus
386 3966 430 4031 ita
444 3967 496 4031 illa
513 3968 602 4032 uerba
619 3971 788 4034 conuertit:
812 3972 872 4034 ‘die
887 3972 971 4035 ibren
984 3977 1140 4058 adgerung
1157 3975 1220 4039 und

92 4072 145 4135 dcr
159 4072 303 4154 meinung
316 4069 435 4153 zulolge
450 4072 650 4136 lurcbtsamer
669 4075 871 4159 gewordenen
894 4075 1014 4139 scinde'.
1060 4072 1122 4140 Sed
1144 4098 1219 4141 eun·

92 4175 223 4238 etalione
238 4194 294 4236 sua
310 4173 441 4238 timidior
453 4195 512 4237 non
528 4173 648 4255 dieitur,
666 4199 753 4260 quem
769 4176 948 4239 timidiorem
965 4188 997 4240 tu
1013 4177 1078 4242 eius
1093 4191 1219 4243 cuncta·

91 4277 175 4340 tione
190 4285 355 4339 commotus
372 4277 498 4354 eredas,
525 4278 578 4340 sed
593 4280 642 4362 qui
657 4300 692 4342 re
707 4302 781 4345 uera
795 4279 859 4366 ipsc
876 4281 1067 4345 cunctatione
1082 4282 1218 4347 timidior

92 4382 190 4443 lactus
206 4389 264 4443 est.
281 4375 398 4440 Deinde
414 4401 479 4443 cum
496 4380 686 4445 haecnerba:
707 4383 909 4447 ‘cunctatione
925 4406 979 4449 sua
994 4395 1083 4467 atque
1098 4386 1216 4468 opinio·

92 4503 130 4545 nc
145 4480 328 4545 timidiores'
351 4481 510 4545 coniuncta
533 4482 766 4564 existimantur,
791 4487 892 4569 opinio
914 4489 1087 4554 necessario
1104 4510 1217 4553 corun·

91 4584 158 4649 dem
180 4584 381 4671 intellegenda
401 4595 466 4666 cst,
491 4606 618 4670 quornm
637 4588 789 4654 cunctatio
812 4600 897 4669 erat,
921 4590 977 4655 hoc
1000 4601 1048 4656 est
1069 4591 1213 4656 hostium.
