2646 5124
385 112 524 181 count.
544 112 620 181 l'lll
643 111 885 179 cuttu-11.
1185 122 1246 188 467

64 315 113 359 um
130 290 345 363 tabulatorum,
363 288 500 371 pontibus
518 287 652 351 traiectis
666 288 1045 372 constratisqueeoniungi,
1063 313 1188 373 quorum

63 398 181 463 nantas
197 392 327 459 uiminra
342 390 467 457 lorieula
481 390 689 455 munirentur:
712 401 747 454 ut
766 389 804 453 ab
820 389 954 455 hostibus
969 392 1077 476 duplici
1091 396 1186 475 dossa,
1204 398 1225 461 d

62 497 174 584 duplici
191 504 446 580 propugnatorum
456 493 817 572 ordinadelenderentur,
833 514 960 577 quorum
975 494 1099 563 altares
1116 520 1189 583 pou-

64 600 159 679 tibua,
176 618 237 684 quo
253 596 348 661 tutior
360 594 520 663 altitudine
534 607 634 674 esset,
652 595 708 659 boe
723 596 864 661 audaeius
879 596 1055 681 longiusque
1070 604 1190 685 permit.

31 718 47 771 t
66 714 150 771 teret
162 702 237 779 tela,
254 698 343 777 alter,
359 698 411 782 qui
426 698 547 783 propior
556 698 671 763 bostem
686 698 798 781 inipso
813 698 893 763 uallo
907 700 1081 767 eonloeatua
1096 715 1189 784 esset,

65 816 158 893 ponte
172 804 212 871 ab
225 800 426 869 incidentibus
443 802 512 867 telis
526 811 693 885 tegeretur.
716 798 820 865 Portis
835 803 917 866 lorea
931 802 1114 891 altioresque
1129 818 1193 872 tur·

57 906 286 993 ‚rainposoiu
317 904 417 971 liuius
441 904 617 969 munitionis
640 905 749 987 duplex
771 914 838 967 erat
852 905 1022 969 eonsilium.
1053 906 1194 993 Namque
1209 912 1250 981 11)

66 1022 99 1079 et
111 1030 238 1097 sparum
254 1008 488 1094 magnitudinem
511 1019 544 1071 et
563 1007 700 1071 timorem
715 1028 801 1071 suum
816 1008 957 1091 sperabat
972 1010 1108 1077 lidneians
1123 1014 1193 1079 bar·

65 1114 150 1181 taes
164 1113 347 1189 allaturum,
367 1120 399 1175 et
419 1131 486 1175 oum
509 1109 677 1193 pabulatum
695 1110 965 1195 frumentatumque
979 1112 1098 1198 longius
1112 1129 1196 1183 esset

15 1226 48 1283 tt
69 1214 337 1302 prolleieeeudum,
361 1212 463 1297 paruis
486 1214 580 1297 eopiis
594 1222 694 1275 eastra
711 1212 875 1276 munitione
889 1213 956 1297 ipsa
970 1214 1093 1279 uidebat
1106 1239 1195 1301 posse

67 1318 203 1383 delendi.
232 1312 357 1381 iuterim
372 1314 481 1381 erebro
495 1314 597 1400 paneis
613 1314 758 1397 utrimque
775 1316 1020 1399 procurrentibus
1034 1318 1193 1387 interbina
1209 1322 1231 1387 2

70 1430 172 1487 eastra
187 1418 295 1503 palude
308 1417 467 1483 interiecta
481 1416 737 1495 contendebatur,
754 1438 841 1500 quarn
858 1428 955 1482 tamen
971 1420 1107 1503 paludem
1120 1445 1194 1488 non-

68 1542 231 1607 numquam
245 1530 301 1587 aut
314 1530 418 1585 nosne
433 1520 546 1585 auxilia
563 1516 718 1583 Gallorum
734 1516 1011 1606 Germanorumque
1025 1525 1195 1591 transibant

69 1623 233 1707 aeriusque
247 1622 349 1691 bestes
363 1622 616 1706 insequebantur,
641 1633 694 1686 aut
709 1622 843 1687 uicissim
858 1623 960 1688 bostea
975 1626 1078 1691 eadem
1094 1639 1193 1693 trans-

14 1736 47 1795 lt
67 1725 174 1811 gressi
188 1736 308 1793 uuetm
321 1726 442 1811 longius
457 1723 695 1789 summouebant.
730 1724 895 1787 deridebat
913 1737 1015 1789 autem
1037 1729 1195 1794 cotidianis
1211 1731 1231 1793 3

68 1826 315 1915 pabulationibus
327 1829 371 1904 (id
386 1829 464 1912 quod
480 1826 619 1891 nonidere
634 1836 699 1889 erat
714 1845 856 1901 neeesse,
875 1847 942 1889 eum
956 1827 1035 1891 raris
1050 1827 1197 1896 disiectis-

69 1928 335 2015 queesaedibaiis
348 1930 486 2015 pabulum
502 1928 759 2015 eoqquireretur),
777 1937 809 1991 ut
823 1928 971 2011 impeditis
986 1929 1061 1993 loeis
1070 1931 1196 2014 dispersi

70 2032 267 2119 pabulatores
275 2030 577 2110 eieramuenirenturq
594 2051 742 2116 quaeres,
759 2030 817 2095 etsi
829 2032 979 2095 medioere
987 2032 1197 2097 detrimentum
1211 2034 1233 2097 1

71 2134 276 2201 iumentorum
291 2155 327 2201 ae
342 2156 499 2201 seruorum
517 2134 628 2198 nostris
644 2133 818 2211 adlerebat‚
847 2144 945 2197 tannen
961 2133 1069 2198 stultas
1085 2138 1199 2221 eogita-

13 2244 51 2301 20
72 2236 173 2305 tiones
187 2237 552 2315 inuitabatbarbarorum,
569 2237 820 2321 atqueeomagis,
837 2237 916 2319 quod
924 2232 1092 2317 Commius,
1110 2259 1197 2323 quem

72 2348 242 2433 peneum
257 2348 295 2412 ad
309 2348 424 2413 auxilia
440 2346 659 2413 Germanorum
674 2346 853 2411 arcessenda
869 2348 975 2429 doeui,
999 2370 1066 2413 eum
1089 2352 1200 2435 equiti·

72 2458 128 2525 bus
150 2472 296 2540 uenerat3
320 2462 372 2545 qui
394 2461 513 2525 tametsi
536 2480 661 2525 numero
682 2482 743 2525 non
766 2461 891 2547 amplius
913 2474 1001 2527 erant
1022 2462 1194 2550 quingenti,

73 2581 174 2638 umen
195 2568 415 2639 Germanorum
442 2574 574 2638 aduentu
595 2572 714 2638 barbari
736 2574 917 2638 nitebantur.
962 2570 1094 2655 Caesar,
1126 2600 1194 2643 eum
1213 2576 1251 2647 tl

182 2864 201 2915 2
213 2864 327 2918 lurianla
339 2866 364 2917 A
370 2864 426 2919 BO
434 2866 459 2929 1,
473 2865 554 2917 lorias
567 2866 603 2915 Ι).
726 2870 755 2915 nt
768 2864 800 2914 ab
814 2862 932 2913 lontibus
945 2863 1042 2929 dupllol
1056 2863 1138 2929 loen,
1152 2865 1199 2916 du·

74 2938 135 3005 pliel
148 2946 369 3009 propugnatorum
389 2940 479 2995 ordine
500 2940 708 2993 defenderentur
719 2941 744 2993 B
756 2945 783 2991 et
794 2944 835 2991 sie
849 2940 858 2966 ‘
865 2939 910 2989 aet
928 2937 1127 2993 detenderetar'
1139 2942 1198 2993 Ae·

73 3014 113 3081 ll,-
136 3024 168 3067 ut
187 3016 271 3071 bostis
285 3033 300 3068 a
313 3018 411 3085 dupliei
430 3026 648 3085 propugnatorum
662 3017 753 3069 ordine
767 3016 946 3084 depelleretur
958 3031 998 3065 ae
1010 3021 1051 3080 et,
1073 3020 1123 3083 qui
1133 3024 1202 3085 post

73 3092 255 3163 depelleretar
265 3096 347 3149 addit
359 3096 430 3149 dossa
443 3096 574 3165 dupplici,
589 3114 619 3161 ο,-
632 3105 662 3148 ut
674 3098 759 3150 bostis
772 3114 786 3148 a
800 3096 897 3165 dupllei
912 3096 982 3147 lassa
996 3096 1091 3164 dupllel
1104 3114 1199 3169 propa·

71 3180 214 3239 gnatam
227 3174 320 3226 ordlne
333 3174 521 3228 defenderetur
533 3192 561 3227 u.
575 3177 606 3227 P.
623 3176 682 3229 lll.
838 3175 854 3227 3
868 3174 987 3243 quorum]
1001 3191 1051 3241 quo
1065 3177 1089 3228 b.

70 3250 271 3319 iper-inesses
282 3252 335 3303 tela
354 3253 378 3304 B
391 3256 471 3303 etsie
483 3254 541 3304 ‘uel
553 3255 606 3305 tela
618 3254 783 3323 permitteret
794 3270 858 3304 mss.
873 3251 1057 3317 constantar'5
1077 3255 1131 3305 tela
1142 3272 1200 3324 per-

70 3328 246 3383 nittareatur
259 3330 285 3393 b,
298 3330 351 3383 tela
363 3331 528 3398 permitteret
540 3347 568 3382 u.
736 3332 751 3381 5
765 3332 808 3399 qui
821 3331 894 3382 Arrd.
909 3332 1009 3397 Onon„
1024 3348 1073 3399 qao
1086 3334 1197 3401 reliqui.

63 3406 104 3461 1.
118 3408 165 3461 58.
272 3410 391 3479 proprior
404 3410 438 3461 B.
542 3409 746 3461 bostemom.b.
852 3409 1201 3478 inipsoe,·um.B,atque

70 3488 145 3559 ‘ipso
157 3494 190 3544 et
198 3490 225 3541 in
238 3489 295 3557 ipso
307 3492 410 3545 adeste
418 3493 498 3541 anatis
508 3488 601 3541 etadd.
609 3488 790 3555 quibasdam’.
895 3490 1047 3541 conlocatus
1056 3490 1089 3543 B.

65 3566 255 3621 austrenum
268 3568 321 3619 b..
398 3565 584 3617 lliutereab.
672 3566 914 3632 crebram.pr.1).
1003 3567 1198 3637 utrimqueffl).

159 3644 193 3697 12
201 3657 391 3711 ennumquam
399 3634 431 3695 B.
528 3643 559 3694 13
572 3642 672 3695 auxilia
685 3643 818 3697 Gallorum
830 3650 930 3711 orror„
944 3647 1043 3697 unsilia
1056 3656 1102 3700 aut
1113 3648 1201 3703 Gallo·

66 3718 259 3787 maligui.
386 3720 419 3775 ll
431 3716 530 3785 bostar]
544 3718 627 3771 nostri
640 3735 654 3770 e
666 3721 739 3772 And.
755 3721 853 3785 Onon„
868 3721 957 3776 bontas
970 3723 1053 3775 nestri
1067 3724 1092 3775 b.

59 3792 385 3865 iaseq.aeuleisseuab.
489 3797 935 3861 eadembea,eodemB‘esterr'’.
1049 3802 1204 3857 lisummo·

55 3876 177 3931 usbaat
188 3876 224 3929 B.
349 3876 554 3930 llexom.be.
678 3878 1042 3946 impedimentisB‘mss.7'.
1166 3882 1205 3933 di·

56 3956 165 4023 sparsi
178 3954 272 4021 bede,
287 3954 413 4025 dispersis
426 3954 486 4005 aar
496 3954 609 4020 reliqui.
715 3955 748 4007 18
760 3954 1046 4023 pabulatoriisB‘mss.
1059 3958 1094 4011 δ’.

59 4032 116 4088 lb
127 4034 309 4089 adlersbatB.
430 4033 467 4091 22
479 4039 564 4085 umen
578 4032 629 4083 etsi
643 4032 691 4095 be,
702 4048 757 4084 non
770 4050 795 4085 e.
912 4034 1046 4101 quingenti
1061 4036 1107 4099 (B)
1121 4034 1204 4087 ‘mse’

48 4118 193 4173 praem
204 4126 289 4165 asans
301 4110 369 4175 det„
383 4126 434 4161 oe.
553 4108 587 4161 2³
600 4109 699 4174 tamen]
713 4110 758 4161 aad
772 4117 858 4163 tamen
872 4111 939 4162 ber.
1055 4110 1207 4163 nitebantur

60 4190 141 4241 An
151 4194 225 4243 ‘arsa
239 4188 402 4255 tanumert',
416 4189 574 4241 lntlsbantur
586 4188 704 4239 ubeda.

969 4274 1031 4340 30·
