2646 5124
515 551 797 619 ...8-

94 722 296 791 Scbneiderus
311 725 342 790 in
358 725 431 810 ipsis
445 724 667 790 commentariis
683 723 902 809 opbemcridnm
919 721 1079 806 uestigium
1094 723 1152 788 sibi
1171 724 1226 789 dc-

93 828 288 914 prehendisse
302 829 385 897 uisus
402 837 457 892 est.
488 825 560 892 tit.
577 827 656 891 enim
672 824 717 891 IV
729 829 765 890 13
780 826 812 890 b.
828 824 910 890 Gall.
926 824 960 904 6,
977 825 1106 890 4333133
1124 825 1226 891 ‘Ebu-

92 951 199 996 ronum
217 942 247 995 et
261 927 507 1009 Condrusorum,
530 931 579 1013 331
595 941 667 993 3331
680 927 886 1021 Treuerorum
904 928 1049 993 clientes*
1072 949 1114 992 ex
1130 930 1225 1014 ephe

91 1032 256 1097 meridibus
272 1045 391 1098 retenta
405 1044 504 1118 putat,
521 1032 619 1115 3331,
644 1054 710 1096 cum
726 1033 934 1096 commentarii
954 1043 1226 1116 componerentur,

92 1155 194 1217 neque
209 1133 368 1202 Eburones
384 1135 598 1221 superfuerint,
616 1156 712 1218 neque
726 1132 856 1198 Treueri
873 1133 973 1199 Gallia
988 1136 1018 1197 in
1035 1135 1226 1218 prouincia-

91 1237 217 1302 redacta
233 1239 358 1303 clientes
374 1238 484 1302 babere
501 1238 670 1322 potuerint:
691 1237 801 1301 ‘erant’
817 1237 909 1321 igitur
926 1247 985 1299 tum
1003 1234 1131 1302 Caesari
1146 1238 1228 1301 scri-

91 1338 224 1404 bendum
239 1340 343 1405 131333.
377 1338 510 1422 Quornm
526 1351 663 1405 nentrum
679 1360 784 1403 nerum
800 1349 858 1401 331.
890 1336 971 1402 Nam
988 1340 1045 1403 etsi
1060 1338 1228 1405 Eburones

92 1440 357 1507 uehementissime
379 1464 398 1506 a
415 1437 549 1507 Caesare
572 1442 676 1506 uexati
697 1452 787 1518 3331,
814 1453 913 1505 tamen
934 1462 1080 1524 nusquam
1096 1443 1226 1507 relatum

93 1554 213 1611 csteos
229 1545 316 1628 plane
332 1544 454 1608 excisos
470 1565 551 1608 csse.
590 1541 638 1606 113
661 1544 740 1607 enim
756 1542 875 1607 Hirtius
900 1544 929 1606 b.
952 1541 1034 1608 Gall.
1059 1542 1156 1624 VIII,
1180 1546 1228 1611 24

94 1648 132 1712 de
147 1656 286 1713 extrema
301 1645 446 1713 Caesaris
462 1645 652 1731 expeditione
667 1645 751 1725 dicit,
769 1668 835 1710 3333
851 1646 1036 1730 Ambiorigis
1054 1649 1131 1712 lines
1147 1649 1227 1713 adeo

94 1750 260 1817 uastandos
276 1749 400 1815 duxisse
416 1749 543 1826 ciuibus,
560 1747 716 1827 3311113113,
733 1770 860 1834 pecore,
878 1761 909 1812 31
924 1750 993 1814 3113
1008 1771 1132 1814 snorum
1148 1753 1227 1814 Am-

93 1849 216 1929 biorix,
238 1854 265 1917 si
287 1875 360 1936 quos
376 1855 494 1919 fortuna
512 1851 634 1915 lecisset
648 1852 798 1934 reliquos,
823 1853 936 1916 nullum
956 1852 1084 1917 reditum
1101 1864 1227 1937 propter

96 1964 198 2020 tantas
214 1954 397 2020 calamitates
413 1954 539 2019 baberet
553 1956 584 2017 in
601 1954 765 2020 ciuitatem.
797 1952 916 2020 Deinde
931 1954 1023 2019 adicit
1037 1956 1138 2018 omnia
1156 1977 1226 2020 cae·

95 2057 201 2135 tibus,
223 2058 391 2135 incendiis,
416 2057 530 2142 rapinis
546 2067 666 2121 uastata
681 2078 769 2134 esse,
793 2079 932 2141 magnum
955 2078 1112 2121 numerum
1129 2057 1227 2121 bomi-

96 2180 186 2237 num,
211 2181 271 2224 non
288 2183 410 2238 ornnes,
436 2161 627 2225 interfectum
642 2171 694 2224 331
708 2171 837 2241 captum.
870 2155 1154 2225 Commemorantur
1169 2182 1227 2225 au·

97 2273 156 2326 tem
173 2260 334 2327 Eburones
357 2260 541 2328 aStrabone
562 2261 608 2329 lv
623 2286 653 2347 p.
669 2261 735 2327 296
756 2263 858 2341 Alm.3
878 2284 993 2349 33333,
1016 2265 1095 2345 quod
1117 2275 1225 2346 posteo

96 2385 156 2429 non
173 2364 382 2446 nominantur,
403 2367 515 2432 indicio
532 2377 578 2431 est
593 2387 645 2431 eos
661 2366 719 2429 iam
735 2378 797 2428 tum
813 2364 968 2428 interisse.
999 2363 1156 2430 Romanos
1173 2389 1226 2431 au-

97 2477 158 2531 tem
172 2468 203 2531 in
220 2469 438 2533 constituendis
455 2470 630 2554 prouinciis,
649 2480 788 2551 quantum
806 2466 890 2530 salua
905 2488 1022 2531 summa
1037 2468 1156 2553 imperii
1171 2492 1227 2554 po·

96 2579 205 2635 testate
220 2570 285 2635 beri
298 2583 412 2655 posset,
430 2593 466 2637 33
481 2572 630 2649 instituta,
648 2593 725 2654 quae
741 2573 872 2649 1333331,
889 2590 1031 2635 33333333
1045 2582 1147 2635 notum
1163 2584 1223 2636 est.

97 2666 211 2753 Quidni
226 2672 318 2757 igitur
331 2670 462 2738 Treueri
478 2675 633 2739 clientelas
649 2674 849 2751 retinuerint,
866 2675 1043 2757 praesertim
1060 2675 1110 2757 331
1127 2696 1145 2738 3
1160 2672 1225 2739 Ρ11-

98 2773 148 2838 nio
165 2774 235 2838 bist.
255 2785 318 2838 331.
335 2773 392 2854 lv,
411 2776 464 2856 17,
483 2775 545 2842 1116
561 2777 700 2841 11333133
718 2776 824 2840 ‘liberi
841 2776 962 2840 autea'l
997 2774 1113 2840 Eadem
1131 2799 1225 2842 cansa

98 2886 147 2942 est
161 2877 266 2941 borum
282 2879 433 2944 locorum:
452 2879 493 2958 V,
511 2878 553 2945 39
568 2880 632 2958 in.,
656 2879 705 2944 ubi
723 2881 759 2944 13
773 2877 901 2943 Ν333113
917 2880 1061 2958 33133133,
1081 2877 1225 2945 ‘Centro-

97 3001 173 3060 nee,
190 2977 341 3058 Grndios,
358 2980 521 3060 Lenaeos,
538 2979 751 3061 Pleumoxios,
770 2979 943 3058 Geidunos,
969 2982 1016 3064 331
1038 2983 1093 3046 sub
1119 3004 1225 3047 eorum

96 3083 224 3168 imperio
240 3085 325 3148 sunt’
342 3096 373 3148 31
383 3081 457 3162 vlt,
473 3083 527 3163 75,
545 3084 568 3149 2
584 3085 744 3177 ‘imperant
757 3084 890 3149 11331313
906 3095 996 3167 31333
1010 3106 1112 3149 eorum
1129 3085 1225 3151 clien-

96 3186 193 3271 tibus,
210 3183 401 3272 SegusianIs,
417 3187 633 3265 Ambluaretis,
652 3187 793 3251 Aulercis
809 3185 1065 3265 Bronnonicibus,
1083 3185 1227 3253 Brenno·

96 3290 167 3371 uiis,
185 3291 266 3356 milia
283 3287 424 3368 XXXV,
443 3312 543 3375 parem
560 3312 714 3356 nnmerum
722 3291 875 3368 Aruernis
888 3290 1035 3354 adiunctis
1050 3290 1226 3357 Eleutheris

98 3389 262 3474 Cadurcis,
288 3392 433 3473 Gabalis,
456 3394 613 3472 Velauiis,
637 3395 685 3477 qui
707 3394 761 3456 snb
781 3393 908 3476 imperio
923 3392 1131 3457 Aruernorum
1152 3414 1226 3458 esse

100 3499 305 3561 consuerunt’.
338 3495 424 3580 Quae
440 3519 506 3561 cum
521 3498 565 3560 113
581 3495 654 3573 3131,
673 3497 770 3560 331133
787 3495 880 3559 131333
896 3491 1042 3560 Caesaris
1058 3495 1225 3580 ephemeri-

98 3596 152 3663 des
166 3618 185 3661 a
200 3599 422 3662 commentariis
437 3600 573 3663 diuersas
589 3608 704 3662 certum
721 3617 789 3663 3333
805 3597 1023 3662 existimamus.

184 3695 261 3764 Cum
276 3710 377 3763 autem
394 3696 511 3764 Caesar
527 3721 622 3784 neque
637 3698 747 3766 Gallici
763 3721 860 3783 neque
876 3701 973 3765 ciuilis
988 3701 1058 3767 belli
1074 3721 1227 3767 commen-

100 3802 194 3867 tarios
209 3803 274 3887 ipse
289 3803 484 3887 perfecisset,
503 3824 555 3881 33,
572 3823 650 3887 quae
667 3803 808 3876 deerant,
831 3814 1040 3888 postmortem
1056 3805 1122 3868 3133
1138 3816 1226 3888 3331-

100 3917 167 3969 1333
182 3906 278 3984 libris,
296 3917 403 3973 octauo
419 3906 455 3972 de
471 3905 548 3971 bello
564 3903 694 3984 Gallico,
712 3907 749 3970 de
764 3905 842 3970 bello
857 3907 1087 3984 Alexandrino,
1107 3908 1227 3972 Africa·

99 4029 151 4086 no,
163 4006 358 4093 Hispaniensi
374 4010 509 4094 suppleta
525 4021 607 4073 sunt.
626 4007 674 4073 lle
689 4029 748 4091 qua
763 4028 796 4071 re
812 4009 843 4072 in
852 4009 941 4092 epist.
954 4010 989 4072 ad
1001 4006 1125 4075 Balbum
1142 4020 1225 4072 octa-

99 4132 138 4174 no
159 4110 234 4175 libro
257 4113 292 4177 de
316 4111 345 4177 b.
364 4110 445 4179 Gall.
468 4113 633 4197 praemissa
654 4113 695 4176 ita
710 4112 838 4177 relatum
855 4124 919 4179 est:
953 4106 1111 4176 ‘Caesaris
1128 4114 1225 4176 nostri

99 4214 329 4282 commentarios
344 4235 443 4278 rerum
461 4225 614 4299 gestarum
632 4213 749 4279 Galliae
765 4236 825 4278 non
846 4214 1075 4278 cohaerentibus
1090 4216 1226 4298 superio·

98 4316 183 4381 ribus
206 4327 296 4399 atque
318 4316 541 4399 insequentibus
563 4321 628 4382 cius
657 4318 778 4401 scriptis
800 4317 943 4382 contexui
970 4318 1227 4401 nouissimumqne

28 4448 32 4465 ·
99 4419 305 4504 imperfectum
322 4420 359 4483 ab
375 4421 464 4484 rebus
480 4420 573 4504 gestis
589 4419 794 4485 Alexandriae
817 4421 931 4483 conieci
948 4420 1093 4504 usquead
1110 4420 1226 4484 exitum

99 4542 160 4585 non
175 4522 292 4604 quidem
308 4522 405 4587 ciuilis
422 4523 639 4599 dissensionis,
664 4523 749 4589 cuius
765 4524 853 4588 linem
869 4523 981 4587 nullum
998 4524 1150 4600 uidemus,
1172 4524 1226 4587 sed

100 4623 183 4691 nitne
197 4619 364 4691 Caesaris'.
408 4622 490 4691 Nam
515 4624 782 4694 ‘cohaerentibus’
805 4637 892 4690 recte
913 4627 1083 4692 emcndauit
1099 4623 1227 4692 8313331-
