2646 5124
537 599 784 669 nrtsrntnn
1211 598 1276 671 rut

202 801 232 843 ns
248 796 407 842 sasamon
421 797 460 838 nr
476 795 618 848 nacionis
633 793 806 839 nnovrncrns
822 793 944 836 srnrcss
959 791 1116 836 rmrmrsss

182 887 229 962 (α.
246 876 305 963 46)
318 879 359 943 Β.
375 878 455 962 Asa.
472 875 506 956 8,
525 875 564 941 1:
588 872 751 951 Caesario
768 871 937 939 Sardiniam
952 875 1074 940 nuntios
1090 895 1157 939 cum
1174 873 1223 938 lit·

99 984 172 1049 teria
194 992 226 1045 et
247 982 276 1044 in
301 981 431 1063 reliquas
454 979 624 1063 prouincias
646 979 787 1043 finitimas
810 977 941 1053 dimisit,
967 987 1001 1040 ut
1021 976 1077 1041 sibi
1092 976 1220 1055 auxilia,

98 1094 296 1162 commeatus,
315 1085 507 1160 frumentum,
522 1083 698 1165 simulatque
715 1082 830 1145 litteras
846 1078 1002 1163 legissent,
1014 1077 1156 1142 mittenda
1171 1100 1222 1143 cu·

63 1204 79 1254 5
100 1198 217 1255 rarent.

433 1309 541 1351 crncvra
555 1307 733 1351 rnovmcrsu
748 1306 885 1349 arnicou.

185 1394 231 1473 (a.
248 1387 305 1472 46)
321 1389 361 1454 B.
377 1391 457 1469 Asr.
474 1387 529 1469 26,
550 1390 586 1452 Ιι
610 1384 739 1466 Caesar,
757 1410 824 1452 cnm
840 1388 877 1451 de
892 1407 947 1450 suo
962 1385 1094 1448 aduentu
1107 1380 1223 1445 dubita-

102 1495 143 1557 tio
159 1494 190 1557 in
206 1494 359 1577 prouincia
376 1505 469 1570 essct,
482 1511 577 1574 neque
593 1491 746 1574 quisquam
763 1490 899 1553 crederet
914 1489 1021 1570 ipsum,
1032 1486 1086 1551 sed
1097 1484 1225 1567 aliquem

102 1597 233 1680 legatum
248 1596 280 1659 in
295 1597 429 1659 Africam
445 1615 511 1659 cum
527 1592 622 1677 copiis
638 1593 773 1668 uenisse,
791 1590 971 1673 conscriptis,
985 1589 1095 1653 litteris
1111 1587 1224 1651 circum

46 1709 80 1763 tu
105 1698 288 1783 prouinciam
304 1718 408 1762 omnes
424 1696 562 1761 ciuitates
580 1695 650 1759 iacit
664 1694 701 1759 dc
716 1714 771 1757 suo
786 1693 1094 1776 aduentncertiores,

556 1820 594 1860 ao
609 1817 771 1863 cremnos.
922 1796 939 1863 '‚

188 1901 303 1988 (aad)
319 1903 357 1967 B.
373 1902 452 1986 Asr.
463 1899 566 1975 32,4ι
592 1896 729 1980 Quorum
744 1916 784 1961 ex
800 1917 925 1961 numero
941 1897 1044 1963 clectis
1060 1895 1228 1962 hominibus

104 2005 316 2070 illustrioribus
332 2001 508 2088 [Gaetulos]
526 2013 558 2065 et
579 2002 689 2066 litteris
710 2001 747 2062 ad
761 2020 833 2064 suos
848 2001 932 2064 ciues
947 2001 1024 2077 datis
1040 2001 1226 2077 cohortatus,

105 2108 148 2171 uti
173 2128 264 2169 manu
287 2108 364 2169 lacta
380 2124 414 2168 sc
429 2124 559 2189 suosque
575 2105 785 2181 defenderent,
810 2123 848 2167 ne
863 2105 927 2166 suis
942 2104 1071 2168 inimicis
1085 2103 1228 2176 aduersa·

49 2222 82 2275 tt
104 2211 216 2292 riisque
233 2207 312 2270 dicto
328 2206 484 2270 audientes
500 2216 616 2283 essent,
632 2206 736 2269 mittit.

510 2329 663 2372 rmcnnrvu
678 2330 715 2371 sn
731 2329 817 2381 onos.

194 2414 239 2484 (a.
254 2405 312 2490 56)
326 2407 412 2472 Plni.
432 2407 540 2472 Crass.
559 2408 618 2473 dl:
647 2404 826 2477 Ἐνταῦθα
842 2403 870 2474 d'
886 2403 961 2482 dite
975 2405 1020 2495 ἦν
1034 2408 1101 2494 μία
1116 2407 1229 2476 διατέ-

107 2505 344 2596 pertinencias
359 2511 558 2596 αἴτησισ·ἢν
571 2508 762 2597 μετιόντων
774 2511 911 2578 ἐκείνων
922 2508 988 2576 ἔδει
999 2507 1232 2597 συμπράττειν

106 2615 268 2698 Καίσαρα
290 2626 362 2687 τοῖς
383 2638 421 2680 τε
444 2610 556 2699 φίλοις
570 2608 747 2700 νριίφοντα
763 2614 818 2680 ani
834 2612 902 2681 noir
919 2615 1132 2698 στρατιωτῶν
1146 2613 1232 2700 πέμ

49 2726 83 2778 to
105 2741 215 2784 ποντα
231 2714 382 2789 πολλούς
396 2711 727 2805 ἀρχαιρεσιάσοντας.

193 2819 240 2901 (a.
257 2816 315 2898 55)
330 2817 462 2883 Ενποπ.
476 2839 599 2905 paneg.
616 2820 649 2898 l,
668 2818 720 2896 11,
737 2818 775 2883 2:
801 2816 898 2900 Quam
916 2817 1044 2895 Caesar,
1063 2818 1114 2882 ille
1128 2827 1234 2881 auctor

110 2920 205 2982 uestri
221 2919 361 2998 nominis,
379 2941 446 2983 cum
457 2920 663 2986 Romanorum
679 2922 791 3006 primus
805 2922 961 2998 intrasset,
976 2921 1064 2984 alium
1079 2938 1113 2982 se
1128 2917 1232 2983 orbern

110 3031 259 3085 terrarum
274 3023 394 3106 scripsit
408 3025 557 3108 reperisse
573 3009 674 3088 tacitae
690 3024 901 3108 magnitudinis
916 3023 1100 3099 arbitratus,
1122 3031 1155 3084 nt
1170 3041 1231 3084 non

112 3125 293 3188 circumfusa
309 3122 445 3205 Oceano,
462 3126 515 3189 sed
530 3127 686 3211 complexa
702 3126 796 3209 ipsum
814 3123 969 3190 Oceanum
986 3125 1149 3189 uideretur.

52 3237 85 3287 25
196 3229 248 3307 (ο.
267 3225 309 3291 50
325 3231 488 3309 canarno)
510 3225 596 3291 Plus.
622 3227 713 3293 Caes.
731 3226 791 3291 312
822 3224 927 3311 Harpal
952 3225 1127 3310 Καίσαρος
1147 3216 1234 3307 ἧκον

221 3339 384 3407 inquorum]
399 3339 588 3391 Gaetulorum.
602 3339 649 3406 Cf.
665 3340 689 3389 t.
703 3340 768 3405 Asr.
783 3342 825 3404 55,
840 3340 866 3391 1.
983 3337 1015 3392 tt
1027 3333 1144 3405 insinno]
1157 3338 1236 3389 Porn-

110 3417 202 3477 peiuns
215 3420 242 3465 et
257 3417 388 3467 Crassum
401 3416 481 3468 dicit.
585 3414 713 3482 atquin]
727 3417 914 3467 Britanniam.
1019 3415 1052 3465 25
1064 3415 1109 3480 Cf.
1121 3415 1234 3467 Sueten.

114 3489 192 3540 Caes·
206 3492 256 3544 29:
277 3491 341 3544 Cum
354 3492 515 3544 aduersariis
528 3493 635 3560 pepigit,
649 3501 678 3543 ut
690 3492 804 3544 dimissis
818 3501 876 3543 octo
890 3492 1036 3556 legionibus
1050 3491 1237 3560 Transalpina·

112 3583 161 3632 quo
175 3566 262 3620 Gallia
278 3571 343 3622 dnae
357 3571 408 3621 stoi
421 3571 538 3636 legiones
552 3579 578 3622 et
591 3569 724 3637 Cisalpina
738 3570 871 3638 prouincia
885 3570 928 3620 uel
941 3575 1019 3620 cttsnr
1034 3569 1235 3634 analogiarum

112 3645 220 3713 illyrico
234 3650 432 3715 concederetur,
446 3651 531 3717 quoad
543 3649 634 3701 consul
647 3649 732 3700 deret.
752 3649 872 3713 Appian.
887 3649 911 3698 l.
927 3651 980 3697 ein.
994 3648 1030 3712 ΙΙ,
1044 3649 1093 3700 ³2:
1111 3636 1238 3702 aalide

111 3719 205 3791 φίλους
216 3720 335 3778 ἐτέλεσεν
346 3725 413 3796 ὑπὲρ
426 3723 510 3780 αὐτοῦ
523 3727 658 3797 συμβῆναι
669 3720 704 3778 τὰ
714 3725 766 3793 μὲν
777 3720 931 3777 inanitio
939 3722 1057 3790 ίθνηιιαι
1065 3723 1238 3794 στρατόπεδα

111 3797 324 3866 ἀποθήσεσθαι,
343 3799 417 3870 μόνα
436 3798 463 3855 d'
478 3800 548 3866 ίῖειν
559 3799 608 3856 δίο
620 3799 682 3870 clip
695 3809 739 3855 nal
752 3800 802 3868 τὴν
812 3797 941 3871 Ἰλλυρίδα
950 3799 1021 3869 μετὰ
1033 3802 1081 3869 sp‘t
1093 3798 1238 3872 inrisui·

111 3891 186 3923 πεων
197 3880 212 3924 1
216 3874 340 3939 'aleriam
354 3877 403 3931 ἐ’ωτ
414 3875 517 3934 inance
529 3876 718 3946 ἀποδειχθείη.
734 3880 808 3932 nint.
824 3879 917 3946 Pomp.
928 3880 975 3931 ὅθι
990 3879 1111 3947 Κικέρων
1122 3877 1238 3948 ἔπραττε

114 3943 265 4015 διαλλαγὰς,
279 3949 464 4020 ὅπωτΚαῖσαρ
476 3953 735 4018 ἕξελθώνΓιιλατίστ
746 3962 792 4007 ssal
803 3953 853 4019 τὴν
866 3951 947 4020 ἄλλην
959 3954 1088 4022 στρατιὰν
1099 3952 1178 4020 σίφεὶτ
1187 3956 1240 4007 πᾶ·

115 4044 165 4077 aaa
177 4024 221 4076 ἐπὶ
233 4024 293 4079 loct
303 4027 419 4095 scirpeam
429 4037 474 4082 not
484 4035 523 4098 aqi
531 4031 664 4100 Ἰίίορειιᾷ
676 4033 727 4100 τὴν
739 4029 868 4102 δευτέραν
880 4031 1012 4084 ὑπατείαν
1023 4033 1164 4101 περιμένῃ.
1184 4032 1239 4083 Has

116 4104 287 4155 condiciones
299 4104 448 4155 Suetonius
460 4107 551 4160 andern
564 4116 692 4175 tempore,
703 4126 756 4175 pao
770 4111 873 4161 Caesar
885 4109 998 4158 litteras
1010 4107 1047 4158 ad
1058 4113 1185 4158 senatum
1196 4109 1237 4177 (p.

117 4183 179 4244 780,
190 4181 234 4247 13)
243 4184 329 4245 misit,
339 4183 481 4247 Appianas
490 4183 575 4254 paolo
583 4189 661 4246 στω,
669 4183 836 4236 Plutarchus
846 4184 932 4249 paulo
943 4187 1009 4248 post
1019 4182 1092 4234 latas
1104 4186 1238 4252 raserunt.

116 4262 195 4326 Ipsae
208 4261 378 4312 condiciones
389 4264 595 4311 accuratissime
606 4276 623 4311 a
631 4260 762 4312 Suetonio
774 4262 844 4324 poni
851 4259 996 4324 uidentur,
1010 4262 1058 4325 pus·
1066 4265 1156 4315 tamen
1167 4265 1242 4330 quod

117 4341 259 4391 Caesarem
272 4344 332 4391 octo
346 4338 465 4404 legiones
477 4338 744 4391 dimittoreuoluisse
753 4337 1196 4406 sarilitdualasuelunareienta,
1210 4343 1242 4395 id

118 4423 159 4469 ita
173 4425 279 4469 tantam
287 4420 355 4482 fleri
361 4421 467 4484 potuit,
481 4421 522 4480 ut,
531 4432 592 4468 ouon
604 4416 674 4468 duas
685 4416 807 4481 aciones
818 4419 1099 4483 numennumen
1111 4435 1166 4470 una
1179 4435 1240 4473 cum

118 4499 243 4562 Pompeii
262 4496 368 4562 legione
384 4513 420 4548 aa
437 4493 673 4547 senatusconsulto
687 4493 988 4559 transducendorum
1000 4495 1238 4549 adnumeres-etur.

118 4575 190 4626 Nam
203 4589 260 4625 una
271 4589 332 4639 sna,
340 4574 429 4626 altera
435 4574 558 4640 Pompeii
568 4588 604 4623 aa
616 4573 850 4624 senatusconsulto
860 4573 964 4626 tradita
974 4589 1045 4627 anno
1054 4573 1087 4625 5⁰
1097 4571 1240 4629 Caesarem

121 4673 218 4709 nouem
231 4656 351 4721 legiones
363 4656 489 4707 dalaima
497 4672 528 4722 p.
543 4655 592 4711 120
605 4653 862 4707 demonstrauimus.
